

@article{dicktremor,
    title = "{From healthy to pathology through a fall in dynamical complexity of involuntary oscillations of the human hand}",
    journal = "Neurocomputing",
    volume = "243",
    pages = "142 - 154",
    year = "2017",
    issn = "0925-2312",
    author = "O.E. Dick",
    keywords = "Tremor, Multifractality, Recurrence, Dynamical complexity"
    }

@ARTICLE{streetbaselinewander,
  author={A. M. {Street} and K. {Samaras} and D. C. {Obrien} and D. J. {Edwards}},
  journal={Electronics Letters},
  title={{Closed form expressions for baseline wander effects in wireless IR applications}},
  year={1997},
  volume={33},
  number={12},
  pages={1060-1062},}

@ARTICLE{ardimastwc,
    author={A. A. {Purwita} and M. D. {Soltani} and M. {Safari} and H. {Haas}},
    journal={IEEE Transactions on Wireless Communications},
    title={{Terminal Orientation in OFDM-Based LiFi Systems}},
    year={2019},
    volume={18},
    number={8},
    pages={4003-4016},}

@ARTICLE{shaohybridwifilifi,  author={S. {Shao} and A. {Khreishah} and M. {Ayyash} and M. B. {Rahaim} and H. {Elgala} and V. {Jungnickel} and D. {Schulz} and T. D. C. {Little} and J. {Hilt} and R. {Freund}},  journal={IEEE/OSA Journal of Optical Communications and Networking},   title={{Design and analysis of a visible-light-communication enhanced WiFi system}},   year={2015},  volume={7},  number={10},  pages={960-973},  doi={10.1364/JOCN.7.000960}}

@INPROCEEDINGS{ardimasgtimconf,
  author={A. A. {Purwita} and A. {Yesilkaya} and T. {Cogalan} and M. {Safari} and H. {Haas}},
  booktitle={{2019 IEEE 30th Annual International Symposium on Personal, Indoor and Mobile Radio Communications (PIMRC)}},
  title={{Generalized Time Slot Index Modulation for LiFi}},
  year={2019},
  volume={},
  number={},
  address={Istanbul, Turkey},
  pages={1-7},}

@ARTICLE{ardimasgtimtcom,
  author={A. A. {Purwita} and A. {Yesilkaya} and M. {Safari} and H. {Haas}},
  journal={IEEE Transactions on Communications},
  title={{Generalized Time Slot Index Modulation for Optical Wireless Communications}},
  year={2020},
  volume={68},
  number={6},
  pages={3706-3719},}

@ARTICLE{chentcom,
  author={C. {Chen} and D. {Basnayaka} and A. A. {Purwita} and X. {Wu} and H. {Haas}},
  journal={IEEE Transactions on Communications (accepted)},
  title={{Wireless Infrared-based LiFi Uplink Transmission with Link Blockage and Random Device Orientation}},
  pages={},}
  year={2020},
  volume={68},
  number={6},


@ARTICLE{mohammadtcom,
    author={M. D. {Soltani} and A. A. {Purwita} and Z. {Zeng} and H. {Haas} and M. {Safari}},
    journal={IEEE Transactions on Communications},
    title={{Modeling the Random Orientation of Mobile Devices: Measurement, Analysis and LiFi Use Case}},
    year={2019},
    volume={67},
    number={3},
    pages={2157-2172},}

    journal=IEEE_O_CSTO,
@ARTICLE{guofbip,
    author={X. {Guo} and N. {Ansari} and F. {Hu} and Y. {Shao} and N. R. {Elikplim} and L. {Li}},
    journal={IEEE Communications Surveys Tutorials},
    title={{A Survey on Fusion-Based Indoor Positioning}},
    year={2020},
    volume={22},
    number={1},
    pages={566-594},}

ARTICLE{ardimascohtime,
    author={A. A. {Purwita} and T. {Cogalan} and H. {Haas}},
    journal={to be submitted},
    title={{Coherence Time of Indoor LiFi Channels}},
    year={2020},
    volume={},
    number={},
    pages={},}

@INPROCEEDINGS{khallafoffloading,
author={H. S. {Khallaf} and A. E. {El-Fiqi} and M. {Elwekeil} and H. M. H. {Shalaby} and S. S. A. {Obayya}},
booktitle={{2017 19th International Conference on Transparent Optical Networks (ICTON)}},
title={{Efficiency of opportunistic cellular/LiFi traffic offloading}},
year={2017},
volume={},
address={Girona, Spain},
pages={1-4},}

@misc{androidapp,
    author={{Vieyra Software}},
    title={Physics Toolbox Sensor Suite},
    howpublished={\url{https://play.google.com/store/apps/details?id=com.chrystianvieyra.physicstoolboxsuite}},
    note={accessed \today},
    year={2020}
}

. Ford, C. Raiciu, M. Handley, S. Barre, and J. Iyengar. Architec-tural guidelines for multipath tcp development.RFC6182 (March2011), www. ietf. ort/rfc/6182, 2011

@misc{mptcp,
  author={A. {Ford} and C. {Raiciu} and M. {Handley} and S. {Barre} and J. {Iyengar}},
  title={Architectural Guidelines for Multipath TCP Development},
  howpublished={\url{https://tools.ietf.org/html/rfc6182}},
  year={2011}
}


    note={accessed 2018-02-07},

Inbook{johnsonrwp,
    author="Johnson, David B.
    and Maltz, David A.",
    editor="Imielinski, Tomasz
    and Korth, Henry F.",
    title="{Dynamic Source Routing in Ad Hoc Wireless Networks}",
    bookTitle="Mobile Computing",
    year="1996",
    publisher="Springer US",
    address="Boston, MA",
    pages="153--181",
    isbn="978-0-585-29603-6",
    doi="10.1007/978-0-585-29603-6_5",
    }

@ARTICLE{scargle1982,
    author = {{Scargle}, J.~D.},
    title = "{Studies in astronomical time series analysis. II - Statistical aspects of spectral analysis of unevenly spaced data}",
    journal = {Astrophysical Journal},
    keywords = {Astronomy, Signal Detection, Spectrum Analysis, Statistical Distributions, Time Series Analysis, Fourier Transformation, Frequency Response, Power Spectra, Signal To Noise Ratios},
    year = 1982,
    month = dec,
    volume = 263,
    pages = {835-853},
    doi = {10.1086/160554},
    adsnote = {Provided by the SAO/NASA Astrophysics Data System}
}

@article{vanderplasplomb,
    doi = {10.3847/1538-4365/aab766},
    year = 2018,
    month = {may},
    publisher = {American Astronomical Society},
    volume = {236},
    number = {1},
    pages = {16},
    author = {Jacob T. VanderPlas},
    title = {{Understanding the Lomb{\textendash}Scargle Periodogram}},
    journal = {The Astrophysical Journal Supplement Series},
    abstract = {The Lomb–Scargle periodogram is a well-known algorithm for detecting and characterizing periodic signals in unevenly sampled data. This paper presents a conceptual introduction to the Lomb–Scargle periodogram and important practical considerations for its use. Rather than a rigorous mathematical treatment, the goal of this paper is to build intuition about what assumptions are implicit in the use of the Lomb–Scargle periodogram and related estimators of periodicity, so as to motivate important practical considerations required in its proper application and interpretation.}
}

@book{hayesbook,
 author = {Hayes, Monson H.},
 title = {{Statistical Digital Signal Processing and Modeling}},
 year = {1996},
 isbn = {0471594318},
 edition = {1st},
 publisher = {John Wiley \& Sons, Inc.},
 address = {New York, NY, USA},
} 

@article {gresty1990,
  author = {Gresty, M and Buckwell, D},
  title = {{Spectral analysis of tremor: understanding the results.}},
  volume = {53},
  number = {11},
  pages = {976--981},
  year = {1990},
  doi = {10.1136/jnnp.53.11.976},
  publisher = {BMJ Publishing Group Ltd},
  abstract = {Spectral analysis of a tremor record can sometimes produce a spectrum with multiple components of significant amplitude. The problem is to determine whether the presence of several peaks represents the coexistence of separate tremor mechanisms or be a consequence of fluctuations in the frequency or amplitude of a single tremor. The spectrum of a tremor whose frequency or amplitude vary and are independent has the recognisable pattern of a central carrier frequency with sidebands of equal amplitudes distributed symmetrically around the carrier. However, if tremor amplitude and frequency fluctuate and are not independent, (frequency proportional to amplitude or frequency inversely proportional to amplitude), the spectrum has a pattern of sidebands which are asymmetrical in amplitudes and may resemble the spectrum of the combined signal from different independent oscillators. The investigation of sidebands in spectra has been neglected in tremor studies and multiple irregular peaks on a tremor spectrum have sometimes been used wrongly as evidence for the coexistence of multiple tremor mechanisms or frequency components assumed to be concurrent.},
  issn = {0022-3050},
  journal = {Journal of Neurology, Neurosurgery \& Psychiatry}
  }

@article{baisch1999,
    title = "{Spectral analysis with incomplete time series: an example from seismology}",
    journal = "Computers \& Geosciences",
    volume = "25",
    number = "7",
    pages = "739 - 750",
    year = "1999",
    issn = "0098-3004",
    author = "Stefan Baisch and Götz H.R. Bokelmann",
    keywords = "Missing data, CLEAN algorithm, Fourier transform, Lomb–Scargle normalized periodogram, Temporal variations, Solid earth tides"
}

@ARTICLE{robertsclean,
   author = {{Roberts}, D.~H. and {Lehar}, J. and {Dreher}, J.~W.},
    title = "{Time Series Analysis with Clean - Part One - Derivation of a Spectrum}",
  journal = {Astronomical Journal},
     year = {1987},
    month = {Apr},
   volume = {93},
    pages = {968},
      doi = {10.1086/114383},
  adsnote = {Provided by the SAO/NASA Astrophysics Data System}
}

@book{davidtsebook,
    author = {Tse, David and Viswanath, Pramod},
    title = {{Fundamentals of Wireless Communication}},
    year = {2005},
    isbn = {0521845270},
    publisher = {Cambridge University Press},
    address = {USA}
    }

@ARTICLE{carruthersiterative,
    author={J. B. {Carruthers} and P. {Kannan}},
    journal={IEEE Transactions on Antennas and Propagation},
    title={{Iterative site-based modeling for wireless infrared channels}},
    year={2002},
    volume={50},
    number={5},
    pages={759-765},
    keywords={optical communication;telecommunication channels;light reflection;iterative methods;optical links;telecommunication computing;transient response;iterative site-based modeling;wireless infrared channels;impulse response estimation;multiple reflections;geometrical model;indoor environments;partitions;people;furniture;shadowing effects;reflection order;recursive technique;computer implementation;method efficiency;method accuracy;portable computing;link model;Optical transmitters;Optical receivers;Radio transmitters;Surface waves;Optical surface waves;Optical filters;Optical reflection;Optical sensors;Optical fiber communication;Frequency},
    doi={10.1109/TAP.2002.1011244},
    ISSN={1558-2221},
    month={May},}

@ARTICLE{barryrecursive,
    author={J. R. {Barry} and J. M. {Kahn} and W. J. {Krause} and E. A. {Lee} and D. G. {Messerschmitt}},
    journal={{IEEE Journal on Selected Areas in Communications}},
    title={{Simulation of multipath impulse response for indoor wireless optical channels}},
    year={1993},
    volume={11},
    number={3},
    pages={367-379},
    keywords={intersymbol interference;optical communication;telecommunication channels;telecommunications computing;line-of-sight configurations;impulse response;indoor wireless optical channels;recursive method;free-space optical channel;Lambertian reflectors;multipath dispersion;optical communication;computer simulation;diffuse transmitter configurations;intersymbol interference;Optical transmitters;Optical reflection;Optical receivers;High speed optical techniques;Optical fiber communication;Intersymbol interference;Dispersion;Computational modeling;Application software;Computer vision},
    doi={10.1109/49.219552},
    ISSN={1558-0008},
    month={April},}

@ARTICLE{schulzefreqdom,
    author={H. {Schulze}},
    journal={IEEE Transactions on Communications},
    title={{Frequency-Domain Simulation of the Indoor Wireless Optical Communication Channel}},
    year={2016},
    volume={64},
    number={6},
    pages={2551-2562},
    keywords={free-space optical communication;frequency-domain analysis;indoor radio;light reflection;numerical analysis;standard numerical method;infinite reflection number;time-domain simulation technique;frequency-domain simulation method;indoor wireless optical communication channel;Optical transmitters;Optical receivers;Transfer functions;Optical fiber communication;Mathematical model;Optical attenuators;Optical communication;multipath channels;communication channels;channel modelling;channel impulse response;Optical communication;multipath channels;communication channels;channel modelling;channel impulse response},
    doi={10.1109/TCOMM.2016.2556684},
    ISSN={1558-0857},
    month={June},}

@ARTICLE{miramirkhanivlir,
  author={F. {Miramirkhani} and M. {Uysal}},
  journal={IEEE Photonics Journal},
  title={{Channel Modeling and Characterization for Visible Light Communications}},
  year={2015},
  volume={7},
  number={6},
  pages={1-16},}

@ARTICLE{volkersphere,
    author={V. {Jungnickel} and V. {Pohl} and S. {Nonnig} and C. {von Helmolt}},
    journal={IEEE Journal on Selected Areas in Communications},
    title={A physical model of the wireless infrared communication channel},
    year={2002},
    volume={20},
    number={3},
    pages={631-640},
    keywords={optical links;optical transfer function;multipath channels;wireless infrared communication channel;indoor environments;diffuse component;line-of-sight component;direct component;Ulbricht's integrating sphere;LOS component;transfer function;Rician factor;electrical power;K-factor;infrared links;data transmission;directivity;high-speed infrared communication;Wireless communication;Optical fiber communication;Transfer functions;Frequency;Analytical models;Indoor environments;Rician channels;Signal detection;Detectors;Data communication},
    doi={10.1109/49.995522},
    ISSN={1558-0008},
    month={April},}

@book{popoolabook,
author = {Ghassemlooy, Z. and Popoola, W. and Rajbhandari, S.},
title = {Optical Wireless Communications: System and Channel Modelling with MATLAB},
year = {2018},
isbn = {9781498742696},
publisher = {CRC Press, Inc.},
address = {USA},
edition = {2nd},
}

  
@incollection{turan,
  author = {Bugra Turan and Seyhan Ucar},
  title = {{Vehicular Visible Light Communications}},
  booktitle = {Visible Light Communications},
  publisher = {IntechOpen},
  address = {Rijeka},
  year = {2017},
  editor = {Jin-Yuan Wang},
  chapter = {7},
  doi = {10.5772/intechopen.69536}
}


@article{chunpeaktopeak,
  author = {Hyunchae Chun and Ariel Gomez and Grahame Faulkner and Dominic O'Brien},
  journal = {Optics Letters},
  keywords = {Optical communications; Visible lasers; Free-space optical communication; Fast Fourier transforms; Modulation techniques; Modulation transfer function; Optical wireless communication; Orthogonal frequency division multiplexing; Quadrature amplitude modulation},
  number = {11},
  pages = {2708--2711},
  publisher = {OSA},
  title = {{A spectrally efficient equalization technique for optical sources with direct modulation}},
  volume = {43},
  month = {Jun},
  year = {2018},
  doi = {10.1364/OL.43.002708},
  }

@book{fischerbook,
  title={{Precoding and Signal Shaping for Digital Transmission}},
  author={Fischer, R.F.H.},
  year={2002},
  publisher={Wiley}
}

@ARTICLE{cioffimimo,
  author={D. P. Palomar and J. M. Cioffi and M. A. Lagunas},
  journal={IEEE Transactions on Signal Processing},
  title={{Joint Tx-Rx beamforming design for multicarrier MIMO channels: a unified framework for convex optimization}},
  year={2003},
  volume={51},
  number={9},
  pages={2381-2401},
  keywords={MIMO systems;array signal processing;convex programming;encoding;equalisers;error statistics;optimisation;receiving antennas;transmitting antennas;BER;MIMO channels;PAR;Schur-concave functions;Schur-convex functions;array signal processing;average BER;average bit error rate;carrier cooperation;closed-form expressions;communication system design;convex optimization;convex optimization theory;convex programming;design criteria;equalization;exact optimal solution;implementation complexity;joint Tx-Rx beamforming design;linear precoding;linear processing;multicarrier MIMO channels;multicarrier multiple-input multiple-output channels;multilevel water-filling practical solutions;objective functions;optimal beamvectors;optimal structure;peak-to-average ratio;receive beamforming;receiver;signal dynamic range;transmit beamforming;transmit-receive processing;transmitter;Array signal processing;Bit error rate;Closed-form solution;Communication systems;Design optimization;Dynamic range;MIMO;Peak to average power ratio;Signal design;Transmitters},
  doi={10.1109/TSP.2003.815393},
  ISSN={1053-587X},
  month={Sept},
}

@article{weylineq,
  title = "{Inequalities between the Two Kinds of Eigenvalues of a Linear Transformation}",
  journal = "Proceedings of the National Academy of Sciences of the United States of America",
  volume = "35(7)",
  pages = "408-411",
  year = "1949",
  author = "H. Weyl",
}

@ARTICLE{poormmse,
  author={H. V. Poor and S. Verdu},
  journal={IEEE Transactions on Information Theory},
  title={{Probability of error in MMSE multiuser detection}},
  year={1997},
  volume={43},
  number={3},
  pages={858-871},
  keywords={Gaussian distribution;Gaussian noise;correlation methods;demodulation;interference (signal);multi-access systems;signal detection;white noise;Gaussian distribution;MAI plus noise;MMSE detector;MMSE multiuser detection;SNR;additive white Gaussian noise;asymptotic conditions;decorrelating linear detector;demodulation;error probability;large near-far ratios;large signal-to-noise ratio;linear multiuser detector;maximum divergence;mean;minimum mean square error;multiple access interference;nonorthogonal signaling;normalized crosscorrelations;performance analysis;variance;Additive white noise;Bit error rate;Decorrelation;Demodulation;Detectors;Error probability;Multiple access interference;Multiuser detection;Nonlinear filters;Performance analysis},
  doi={10.1109/18.568697},
  ISSN={0018-9448},
  month={May},
}

@ARTICLE{ruififteengbps,
  author={R. {Bian} and I. {Tavakkolnia} and H. {Haas}},
  journal={Journal of Lightwave Technology},
  title={{15.73 Gb/s Visible Light Communication With Off-the-Shelf LEDs}},
  year={2019},
  volume={37},
  number={10},
  pages={2418-2424},}

@ARTICLE{enyuanmicroleds,
  author={E. {Xie} and X. {He} and M. S. {Islim} and A. A. {Purwita} and J. J. D. {McKendry} and E. {Gu} and H. {Haas} and M. D. {Dawson}},
  journal={Journal of Lightwave Technology},
  title={{High-Speed Visible Light Communication Based on a III-Nitride Series-Biased Micro-LED Array}},
  year={2019},
  volume={37},
  number={4},
  pages={1180-1186},}

@article{nhsofdm,
  author = {Chen Chen and Wen-De Zhong and Dehao Wu},
  journal = {Journal of Optical Communications and Networking},
  keywords = {Modulation; Multiplexing; Optical communications; Free-space optical communication; Bit error rate; Orthogonal frequency division multiplexing; Phase shift; Signal transmission; Space division multiplexing; Visible light communications},
  number = {1},
  pages = {36--44},
  publisher = {OSA},
  title = {{Non-Hermitian Symmetry Orthogonal Frequency Division Multiplexing for Multiple-Input Multiple-Output Visible Light Communications}},
  volume = {9},
  month = {Jan},
  year = {2017},
  doi = {10.1364/JOCN.9.000036},
}

@misc{zemax,
    author={{Zemax}},
    title={OpticStudio\textsuperscript{\textregistered}},
    howpublished={\url{https://www.zemax.com/products/opticstudio}},
    note={accessed \today},
    year={2020}
}

@misc{edmundoptics,
    author={{Edmund Optics\textsuperscript{\textregistered}}},
    title={{Basic Principles of Silicon Detectors}},
    howpublished={\url{https://www.edmundoptics.com/knowledge-center/application-notes/testing-and-detection/basic-principles-of-silicon-detectors/}},
    note={accessed \today},
    year={2020}
}

@software{irsimit,
  author       = {J. B. {Carruthers} and P. {Kannan}},
  title        = {{IRSIMIT-- Infrared Impulse Response Simulator by Iterations}},
  month        = June,
  year         = 2002,
  version      = {1.0},
  howpublished={\url{http://iss.bu.edu/bwc/irsimit/}},
}
  url          = {http://iss.bu.edu/bwc/irsimit/}

@software{candles,
  author       = {M. {Rahaim}},
  title        = {{Communication and Lighting Environment Simulation (CandLES)}},
  year         = 2018,
  howpublished={\url{https://github.com/UCaNLabUMB/CandLES}},
}
  url          = {https://github.com/UCaNLabUMB/CandLES}

@incollection{johnsonrwp,
    author={D. B. {Johnson} and D. A. {Maltz}},
    booktitle={{Mobile Computing}},
    title={{Dynamic Source Routing in Ad Hoc Wireless Network}},
    publisher={Imielinski and Korth, Eds. Kluwer Academic Publishers},
    year={1996},
    volume={353},
    }

@INPROCEEDINGS{royerrd,
    author={E. M. {Royer} and P. M. {Melliar-Smith} and L. E. {Moser}},
    booktitle={{ICC 2001. IEEE International Conference on Communications. Conference Record (Cat. No.01CH37240)}},
    title={{An analysis of the optimum node density for ad hoc mobile networks}},
    year={2001},
    volume={3},
    number={},
    pages={857-861 vol.3},
    keywords={mobile radio;packet radio networks;telecommunication network routing;optimum node density;mobile ad hoc networks;wireless channels;transmission power;available bandwidth;transmission power tradeoff;data packets;node mobility;ad hoc on-demand distance vector routing;mobile network performance;Bandwidth;Routing protocols;Mobile computing;Batteries;Packet radio networks;Mobile communication;Computer science;Wireless communication;Unicast},
    doi={10.1109/ICC.2001.937360},
    ISSN={null},
    month={June},
    address = {Helsinki, Finland},}

@inproceedings{honglevywalk,
    author = {Hong, Seongik and Rhee, Injong and Kim, Seong Joon and Lee, Kyunghan and Chong, Song},
    title = {{Routing Performance Analysis of Human-Driven Delay Tolerant Networks Using the Truncated Levy Walk Model}},
    year = {2008},
    isbn = {9781605581118},
    publisher = {Association for Computing Machinery},
    address = {New York, NY, USA},
    doi = {10.1145/1374688.1374694},
    booktitle = {{Proceedings of the 1st ACM SIGMOBILE Workshop on Mobility Models}},
    pages = {25–32},
    numpages = {8},
    keywords = {routing performance, mobility model, inter-contact time, delay tolerant networks},
    address = {Hong Kong, Hong Kong},
    series = {MobilityModels ’08}
}

@article{stepniakblueled,
    author = {Grzegorz Stepniak and Manuel Sch\"{u}ppert and Christian-Alexander Bunge},
    journal = {Journal of Lightwave Technology},
    keywords = {Interference; Modulation; Orthogonal frequency division multiplexing; Signal processing; Visible light communications; White light emitting diodes},
    number = {21},
    pages = {4413--4423},
    publisher = {OSA},
    title = {{Advanced Modulation Formats in Phosphorous LED VLC Links and the Impact of Blue Filtering}},
    volume = {33},
    month = {Nov},
    year = {2015},
    abstract = {A theoretical model for transmission of advanced modulation schemes \[pulse amplitude modulation (PAM), carrierless amplitude-phase (CAP), and discrete multitone (DMT)\] in visible light communications (VLC) link using white phosphorescent LEDs is presented. The model extends and adapts the Randel et al., framework for advanced modulation format transmission in intensity-modulated direct-detection for the VLC channel. The main contributions are: CAP modulation, effect of transmit signal spectral shaping in PAM and CAP, analytical calculation of crest factor for CAP, and analysis of inter-symbol and cross-carrier interference due to an insufficient cyclic-prefix in DMT. Based on this model, the impact of blue filtering at the receiver is studied in the context of spectrally efficient modulation formats. The results indicate that blue filtering has a marginal effect on the performance for all the investigated modulation formats, while PAM with decision feedback equalizer shows the best performance. Without blue filtering, slightly higher data rates can be achieved, but at a price of extensive signal processing.},
    }

@electronic{linktgbb,
  author = {Dobroslav Tsonev and Nikola Serafimovski and Murat Uysal and Tuncer Baykas and Volker Jungnickel},
  title         = {{Light Communications (LC) for 802.11: Link Margin Calculations}},
  url           = "https://mentor.ieee.org/802.11/dcn/17/11-17-0479-00-00lc-lc-tig-link-margin-caluclations.docx",
  year = {2017}
}

@inproceedings{farshadspie,
  author = {Farshad Miramirkhani and Murat Uysal and Erdal Panayirci},
  title = {{Novel channel models for visible light communications}},
  volume = {9387},
  booktitle = {{Broadband Access Communication Technologies IX}},
  editor = {Benjamin B. Dingel and Katsutoshi Tsukamoto},
  organization = {International Society for Optics and Photonics},
  publisher = {SPIE},
  pages = {150 -- 162},
  keywords = {visible light communication, channel modeling, optical wireless communication, spectral reflectance},
  year = {2015},
  doi = {10.1117/12.2077565}
  }

@misc{speclabcotton,
  author        = {Kokaly, R.F., and others},
  journal       = {U.S. Geological Survey Data Series 1035},
  title         = "{USGS Spectral Library Version 7}",
  howpublished  = {\url{https://crustal.usgs.gov/speclab/data/GIFplots/GIFplots_splib07a/ChapterA_ArtificialMaterials/splib07a_Cotton_Fabric_GDS437_White_ASDFRa_AREF.gif}},
  year={2017},
}

@misc{speclabcardboard,
  author        = {Kokaly, R.F., and others},
  journal       = {U.S. Geological Survey Data Series 1035},
  title         = "{USGS Spectral Library Version 7}",
  howpublished  = {\url{https://crustal.usgs.gov/speclab/data/GIFplots/GIFplots_splib07a/ChapterA_ArtificialMaterials/splib07a_Cardboard_GDS371_Brn_Corgted_ASDFRa_AREF.gif}},
  year={2017},
}

@INPROCEEDINGS{nistskin,
  author        = {Catherine C. Cooksey and David W. Allen},
  booktitle       = {{Proceedings of SPIE Defense, Security \& Sensing}},
  title         = "{Reflectance measurements of human skin from the ultraviolet to the shortwave infrared (250 nm to 2500 nm)}",
  month = {May},
  year = {2013},
  address = {Baltimore, MD}
}

@ARTICLE{matznonwssus,
    author={G. {Matz}},
    journal={IEEE Transactions on Wireless Communications},
    title={{On non-WSSUS wireless fading channels}},
    year={2005},
    volume={4},
    number={5},
    pages={2465-2478},
    keywords={wireless channels;fading channels;statistical analysis;dispersive channels;electromagnetic wave scattering;nonWSSUS wireless fading channel;statistical characterization;fading dispersive channel;wide-sense stationary uncorrelated scattering channel;local scattering function;channel correlation function;doubly underspread channel;Fading;Acoustic scattering;Delay;Dispersion;Wireless communication;Multiple signal classification;Communication channels;Time varying systems;Land mobile radio;Underwater acoustics;Fading channels;scattering function;underspread channels;wide-sense stationary uncorrelated scattering (WSSUS) channels},
    doi={10.1109/TWC.2005.853905},
    ISSN={1558-2248},
    month={Sep.},}

@article{bykhovskycd,
    author = {Dima Bykhovsky},
    journal = {Optics Letters},
    keywords = {Optical communications; Free-space optical communication; Coherence; LED lighting; Optical wireless communication; Reflection coefficient; Scattering; Visible light communications},
    number = {10},
    pages = {2248--2251},
    publisher = {OSA},
    title = {Coherence distance in indoor optical wireless communication channels},
    volume = {43},
    month = {May},
    year = {2018},
    doi = {10.1364/OL.43.002248},
    abstract = {The coherence distance (CD) is the spatial distance over which the channel does not change appreciably. It is a common and important wireless communication channel parameter. While adoption of this parameter in the realm of radio-frequency is well established, it is a less familiar concept in the realm of optical wireless communication (OWC), where it can be beneficial as a measure for spatial optical channel changes. In this Letter, the average CD is proposed as a metric to characterize indoor OWC channels and a method for its evaluation is outlined.},
    }

@ARTICLE{chencoherence,
  author={J. {Chen} and I. {Tavakkolnia} and C. {Chen} and Z. {Wang} and H. {Haas}},
  journal={Journal of Lightwave Technology},
  title={{The Movement-Rotation (MR) Correlation Function and Coherence Distance of VLC Channels}},
  year={2020},
  volume={},
  number={},
  pages={1-1},}

@ARTICLE{infraredkahn,
    author={J. M. {Kahn} and J. R. {Barry}},
    journal={Proceedings of the IEEE},
    title={{Wireless infrared communications}},
    year={1997},
    volume={85},
    number={2},
    pages={265-298},
    keywords={digital communication;optical links;local area networks;wireless LAN;optical modulation;multipath channels;optical transmitters;optical receivers;amplitude shift keying;pulse position modulation;optical noise;subcarrier multiplexing;wireless infrared communications;high-speed short-range wireless digital communication;infrared links;local-area networks;intensity modulation with direct detection;IM/DD;path losses;multipath responses;ambient infrared noise sources;transmitter;receivers;link signal-to-noise ratio;on-off keying;pulse-position modulation;subcarrier modulation;performance;multipath distortion;multiplexing;diffuse infrared link;50 Mbit/s;Wireless communication;Optical fiber communication;Pulse modulation;Infrared detectors;Signal to noise ratio;Digital communication;Local area networks;Intensity modulation;Signal design;Radio transmitters},
    doi={10.1109/5.554222},
    ISSN={1558-2256},
    month={Feb},}

@ARTICLE{kahnkrause,
  author={J. M. {Kahn} and W. J. {Krause} and J. B. {Carruthers}},
  journal={IEEE Transactions on Communications},
  title={{Experimental characterization of non-directed indoor infrared channels}},
  year={1995},
  volume={43},
  number={2/3/4},
  pages={1613-1623},}

@ARTICLE{bellowssus,
    author={P. {Bello}},
    journal={IEEE Transactions on Communications Systems},
    title={Characterization of Randomly Time-Variant Linear Channels},
    year={1963},
    volume={11},
    number={4},
    pages={360-393},
    keywords={Nonlinear filters;Time varying systems;Scattering;Time frequency analysis;Radar;Fourier transforms;Bandwidth;Sampling methods;Subcontracting;Delay},
    doi={10.1109/TCOM.1963.1088793},
    ISSN={1558-2647},
    month={December},}

@INPROCEEDINGS{herdincmd,
    author={M. {Herdin} and N. {Czink} and H. {Ozcelik} and E. {Bonek}},
    booktitle={{2005 IEEE 61st Vehicular Technology Conference}},
    title={{Correlation matrix distance, a meaningful measure for evaluation of non-stationary MIMO channels}},
    year={2005},
    volume={1},
    number={},
    pages={136-140 Vol. 1},
    keywords={MIMO systems;correlation theory;mobile radio;indoor radio;statistical analysis;channel estimation;correlation matrix distance;nonstationary MIMO channels;performance degradation;performance reduction;spatial structure;mobile radio channel;indoor environment;prefiltering MIMO transmission scheme;MIMO;Statistics;Land mobile radio;Discrete Fourier transforms;Laboratories;Frequency estimation;Europe;Performance analysis;Degradation;Indoor environments;MIMO;Stationarity;Indoor},
    doi={10.1109/VETECS.2005.1543265},
    ISSN={1550-2252},
    address = {Stockholm, Sweden},
    month={May},}

@INPROCEEDINGS{paiercollinearity,
    author={A. {Paier} and T. {Zemen} and L. {Bernado} and G. {Matz} and J. {Karedal} and N. {Czink} and C. {Dumard} and F. {Tufvesson} and A. F. {Molisch} and C. F. {Mecklenbrauker}},
    booktitle={{2008 International ITG Workshop on Smart Antennas}},
    title={{Non-WSSUS vehicular channel characterization in highway and urban scenarios at 5.2GHz using the local scattering function}},
    year={2008},
    volume={},
    number={},
    pages={9-15},
    keywords={channel estimation;fading channels;road vehicles;telecommunication traffic;time-varying channels;nonWSSUS vehicular channel characterization;local scattering function;fading process;wide-sense stationarity uncorrelated scattering;vehicle-to-vehicle wave propagation channels;stationarity;multiwindow spectrogram;collinearity;frequency 5 GHz;Road transportation;Scattering;Frequency estimation;Road vehicles;Vehicle driving;Fading;Telematics;Testing;Frequency measurement;Spectrogram},
    doi={10.1109/WSA.2008.4475530},
    ISSN={null},
    address={Vienna, Austria},
    month={Feb},}

@INPROCEEDINGS{bernardononwssus,
    author={L. {Bernadó} and T. {Zemen} and F. {Tufvesson} and A. F. {Molisch} and C. F. {Mecklenbräuker}},
    booktitle={{2012 IEEE 23rd International Symposium on Personal, Indoor and Mobile Radio Communications - (PIMRC)}},
    title={{The (in-) validity of the WSSUS assumption in vehicular radio channels}},
    year={2012},
    volume={},
    number={},
    pages={1757-1762},
    keywords={electromagnetic wave propagation;electromagnetic wave scattering;fading channels;wide sense stationarity-uncorrelated scattering;WSSUS assumption;vehicular radio channels;wireless propagation channels;local scattering function;bounded spectral distance metric;fading process;time 40 ms;frequency 40 MHz;Time frequency analysis;Bandwidth;Time measurement;Roads;Scattering;Fading},
    doi={10.1109/PIMRC.2012.6362634},
    ISSN={2166-9570},
    address = {Sydney, NSW, Australia},
    month={Sep.},}

@inproceedings{hesdnlatency,
    author = {He, Keqiang and Khalid, Junaid and Gember-Jacobson, Aaron and Das, Sourav and Prakash, Chaithan and Akella, Aditya and Li, Li Erran and Thottan, Marina},
    title = {{Measuring Control Plane Latency in SDN-Enabled Switches}},
    year = {2015},
    isbn = {9781450334518},
    publisher = {Association for Computing Machinery},
    address = {New York, NY, USA},
    doi = {10.1145/2774993.2775069},
    booktitle = {{Proceedings of the 1st ACM SIGCOMM Symposium on Software Defined Networking Research}},
    articleno = {Article 25},
    numpages = {6},
    keywords = {software-defined networking (SDN), measurement, latency},
    address = {Santa Clara, California},
    series = {SOSR ’15}
    }

@ARTICLE{yunluloadbalancingorientation,
    author={Y. {Wang} and X. {Wu} and H. {Haas}},
    journal={IEEE Transactions on Wireless Communications},
    title={{Load Balancing Game With Shadowing Effect for Indoor Hybrid LiFi/RF Networks}},
    year={2017},
    volume={16},
    number={4},
    pages={2366-2378},}

@INPROCEEDINGS{chengglobecomworkshops,
    author={C. {Chen} and H. {Haas}},
    booktitle={{2017 IEEE Globecom Workshops (GC Wkshps)}},
    title={{Performance Evaluation of Downlink Cooperative Multipoint Joint Transmission in LiFi Systems}},
    year={2017},
    volume={},
    number={},
    pages={1-6},
    address={Singapore, Singapore}}

@ARTICLE{erogluorientation,
    author={Y. S. {Ero\v{g}lu} and Y. {Yapıcı} and \.{I}. {G\"{u}ven\c{c}}},
    journal={IEEE Transactions on Communications},
    title={{Impact of Random Receiver Orientation on Visible Light Communications Channel}},
    year={2019},
    volume={67},
    number={2},
    pages={1313-1325},}

@INPROCEEDINGS{ardimaswcncorientation,
    author={A. A. {Purwita} and M. {Dehghani Soltani} and M. {Safari} and H. {Haas}},
    booktitle={{2018 IEEE Wireless Communications and Networking Conference (WCNC)}},
    title={{Impact of terminal orientation on performance in LiFi systems}},
    year={2018},
    volume={},
    number={},
    address={Barcelona, Spain},
    pages={1-6},}

misc{speclabcardboard,
  author        = {Kokaly, R.F., and others},
  journal       = {U.S. Geological Survey Data Series 1035},
  title         = "{USGS Spectral Library Version 7}",
  howpublished  = {\url{https://crustal.usgs.gov/speclab/data/GIFplots/GIFplots_splib07a/ChapterA_ArtificialMaterials/splib07a_Cardboard_GDS371_Brn_Corgted_ASDFRa_AREF.gif}},
  year={2017},
}
@misc{yeonminjangocc,
  author={{IEEE 802.15 TG 7m}}, 
  title         = "{IEEE} 802.15 {WPAN}\texttrademark ~15.7 Maintenance: Short-Range Optical Wireless Communications Task Group ({TG} 7m)",
  howpublished           = {\url{http://www.ieee802.org/15/pub/IEEE%20802_15%20WPAN%2015_7%20Revision1%20Task%20Group.htm}},
  month         = "September",
  year          = "2019"
}

  author        = {V. Jungnickel and Nikola Serafimovski and Sang-Kyu Lim and  Liqiang and T. Baykas},
@misc{volkerwpan,
  author={{IEEE 802.15 TG 13}}, 
  title         = "{IEEE} 802.15 {WPAN}\texttrademark ~ Task Group 13 ({TG13}) Multi-Gigabit/s Optical Wireless Communications",
  howpublished           = {\url{http://www.ieee802.org/15/pub/TG13.html}},
  month         = "September",
  year          = "2019"
}


@ARTICLE{lifihaas,
    author={H. Haas and L. Yin and Y. Wang and C. Chen},
    journal={Journal of Lightwave Technology},
    title={{What is {LiFi}?}},
    year={2016},
    volume={34},
    number={6},
    pages={1533-1544},
    keywords={Internet of Things;free-space optical communication;light emitting diodes;wireless LAN;Internet-of-Things;LED;LiFi;LiFi attocells;WiFi networks;light emitting diodes;light-fidelity;visible light communication;wireless fidelity networks;Light emitting diodes;Nonlinear optics;OFDM;Optical distortion;Optical modulation;Wireless communication;Base stations;communication networks;communication systems;handover;millimeter wave communication;mobile communication;modulation;multiaccess communication;wireless communication},
    doi={10.1109/JLT.2015.2510021},
    ISSN={0733-8724},
    month={March},}

@ARTICLE{downlinkcheng,
    author={C. Chen and D. A. Basnayaka and H. Haas},
    journal={Journal of Lightwave Technology},
    title={{Downlink Performance of Optical Attocell Networks}},
    year={2016},
    volume={34},
    number={1},
    pages={137-156},
    keywords={OFDM modulation;free-space optical communication;light interference;optical communication equipment;optical design techniques;optical noise;optical testing;stochastic processes;Poisson point process;downlink performance;indoor area data rate;indoor small-cell cellular network;lighting network designs;millimeter-wave system;optical attocell networks;optical femtocell networks;optical orthogonal frequency division multiplexing;outage probability;radiofrequency small-cell networks;signal-to-interference-plus-noise ratio;visible light communication;Downlink;Optical network units;Optical receivers;Optical transmitters;Ultrafast optics;Wireless communication;Cellular network;Poisson point process;Poisson point process (PPP);cellular network;optical attocell network;orthogonal frequency division multiplexing;orthogonal frequency division multiplexing (OFDM);visible light communication;visible light communication (VLC)},
    doi={10.1109/JLT.2015.2511015},
    ISSN={0733-8724},
    month={Jan},}

@ARTICLE{wanglifiwifi,
    author={J. {Wang} and C. {Jiang} and H. {Zhang} and X. {Zhang} and V. C. M. {Leung} and L. {Hanzo}},
    journal={IEEE Transactions on Vehicular Technology},
    title={{Learning-Aided Network Association for Hybrid Indoor LiFi-WiFi Systems}},
    year={2018},
    volume={67},
    number={4},
    pages={3561-3574},}

@INPROCEEDINGS{zhihongvtc,
    author={Z. {Zeng} and M. D. {Soltani} and H. {Haas} and M. {Safari}},
    booktitle={{2018 IEEE 88th Vehicular Technology Conference (VTC-Fall)}},
    title={Orientation Model of Mobile Device for Indoor VLC and Millimetre Wave Systems},
    year={2018},
    volume={},
    number={},
    address={Chicago, USA},
    pages={1-6},}

@ARTICLE{orientationpeng,
    author={B. Peng and T. K{\"u}rner},
    journal={IEEE Transaction on Vehicular Technology},
    title={{Three-Dimensional Angle of Arrival Estimation in Dynamic Indoor Terahertz Channels Using a Forward-Backward Algorithm}},
    year={2017},
    volume={66},
    number={5},
    pages={3798-3811},
    keywords={Bayes methods;Markov processes;direction-of-arrival estimation;directive antennas;indoor communication;intersymbol interference;statistical analysis;telecommunication channels;wireless channels;AoA estimation method;Bayesian inference;Markov process;a priori information;background log-likelihood;channel models;data transmission;directive antenna;dynamic indoor terahertz channels;forward-backward algorithm;indoor human movement model;intersymbol interference;multipath environment;ray launching simulator;statistical state transition probabilities;statistical transition probabilities;three-dimensional angle of arrival estimation;Azimuth;Bayes methods;Channel estimation;Directive antennas;Estimation;Heuristic algorithms;Inference algorithms;Angle-of-arrival (AoA) estimation;Bayesian inference;forward–backward algorithm;human blockage;terahertz (THz) communication},
    doi={10.1109/TVT.2016.2599488},
    ISSN={0018-9545},
    month={May},}

@ARTICLE{kimvlp,
    author={D. {Kim} and J. K. {Park} and J. T. {Kim}},
    journal={IEEE Access},
    title={{Three-Dimensional VLC Positioning System Model and Method Considering Receiver Tilt}},
    year={2019},
    volume={7},
    number={},
    pages={132205-132216},}

@INPROCEEDINGS{mohammadchannelgain,
    author={M. D. {Soltani} and Z. {Zeng} and I. {Tavakkolnia} and H. {Haas} and M. {Safari}},
    booktitle={{2019 IEEE Wireless Communications and Networking Conference (WCNC)}},
    title={{Random Receiver Orientation Effect on Channel Gain in LiFi Systems}},
    year={2019},
    volume={},
    number={},
    address={Marrakesh, Morocco},
    pages={1-6},}

@INPROCEEDINGS{aminesnr,
    author={M. A. {Arfaoui} and M. D. {Soltani} and I. {Tavakkolnia} and A. {Ghrayeb} and C. {Assi} and H. {Haas} and M. {Safari}},
    booktitle={{2019 IEEE International Conference on Communications Workshops (ICC Workshops)}},
    title={{SNR Statistics of Indoor Mobile VLC Users with Random Device Orientation}},
    year={2019},
    volume={},
    number={},
    address={Shanghai, China},
    pages={1-6},}

@ARTICLE{owcsurvey,
author={M. Z. {Chowdhury} and M. T. {Hossan} and A. {Islam} and Y. M. {Jang}},
journal={IEEE Access},
title={{A Comparative Survey of Optical Wireless Technologies: Architectures and Applications}},
year={2018},
volume={6},
number={},
pages={9819-9840},}

@INPROCEEDINGS{grobedcwander,
  author={L. {Grobe} and V. {Jungnickel} and K. {Langer} and M. {Haardt} and M. {Wolf}},
  booktitle={{2016 IEEE Wireless Communications and Networking Conference}},
  title={{On the impact of highpass filtering when using PAM-FDE for visible light communication}},
  year={2016},
  volume={},
  number={},
  address={Doha, Qata},
  pages={1-7},}

@inproceedings{occfirst,
author = {Brian S. Leibowitz and Bernhard E. Boser and Kristofer S. J. Pister},
title = {{CMOS smart pixel for free-space optical communication}},
volume = {4306},
booktitle = {{Sensors and Camera Systems for Scientific, Industrial, and Digital Photography Applications II}},
editor = {Nitin Sampat and John Canosa and Morley M. Blouke and John Canosa and Nitin Sampat},
organization = {International Society for Optics and Photonics},
publisher = {SPIE},
pages = {308 -- 318},
year = {2001},
doi = {10.1117/12.426966},
}


T. Komine, Y. Tanaka, S. Haruyama and M. Nakagawa “Basic Study on Visible-Light      Communication      using      Light      Emitting      Diode      Illumination,” Proc. of 8th International Symposium on Microwave and Optical Technology (ISMOT 2001), Montreal, Canada, pp. 45-48, 2001. 
@INPROCEEDINGS{kominefirst,
  author={T. {Komine} and  Y. {Tanaka} and S. {Haruyama} and M. {Nakagawa}},
  booktitle={{Proc. of 8th International Symposium on Microwave and Optical Technology (ISMOT 2001)}},
  title={{Basic Study on Visible-Light Communication using Light Emitting Diode Illuminationn}},
  year={2001},
  volume={},
  number={},
  address={Montreal, Canadaa},
  pages={45-48},}

@ARTICLE{gfeller,
  author={F. R. {Gfeller} and U. {Bapst}},
  journal={Proceedings of the IEEE},
  title={{Wireless in-house data communication via diffuse infrared radiation}},
  year={1979},
  volume={67},
  number={11},
  pages={1474-1486},}

@ARTICLE{mohammadjsac,
    author={M. D. {Soltani} and M. A. {Arfaoui} and I. {Tavakkolnia} and A. {Ghrayeb} and M. {Safari} and C. M. {Assi} and M. O. {Hasna} and H. {Haas}},
    journal={IEEE Journal on Selected Areas in Communications},
    title={{Bidirectional Optical Spatial Modulation for Mobile Users: Toward a Practical Design for LiFi Systems}},
    year={2019},
    volume={37},
    number={9},
    pages={2069-2086},}

@INPROCEEDINGS{chengomnidirection,
    author={C. {Chen} and M. D. {Soltani} and M. {Safari} and A. A. {Purwita} and X. {Wu} and H. {Haas}},
    booktitle={{2019 IEEE International Conference on Communications Workshops (ICC Workshops)}},
    title={{An Omnidirectional User Equipment Configuration to Support Mobility in LiFi Networks}},
    year={2019},
    volume={},
    number={},
    address={Shanghai, China},
    pages={1-6},}

@INPROCEEDINGS{imanmimo,
    author={I. {Tavakkolnia} and M. D. {Soltani} and M. A. {Arfaoui} and A. {Ghrayeb} and C. {Assi} and M. {Safari} and H. {Haas}},
    booktitle={{2019 IEEE International Conference on Communications Workshops (ICC Workshops)}},
    title={{MIMO System with Multi-Directional Receiver in Optical Wireless Communications}},
    year={2019},
    volume={},
    number={},
    address={Shanghai, China},
    pages={1-6},}

@ARTICLE{mohammaderrorperformance,
    author={M. {Dehghani Soltani} and A. A. {Purwita} and I. {Tavakkolnia} and H. {Haas} and M. {Safari}},
    journal={IEEE Access},
    title={{Impact of Device Orientation on Error Performance of LiFi Systems}},
    year={2019},
    volume={7},
    number={},
    pages={41690-41701},}

@INPROCEEDINGS{ardimashandover,
    author={A. A. {Purwita} and M. D. {Soltani} and M. {Safari} and H. {Haas}},
    booktitle={{2018 IEEE 87th Vehicular Technology Conference (VTC Spring)}},
    title={{Handover Probability of Hybrid LiFi/RF-Based Networks with Randomly-Oriented Devices}},
    year={2018},
    volume={},
    address={Porto, Portugal},
    number={},
    pages={1-5},}

@INPROCEEDINGS{ardimaspamscfde,
    author={A. A. {Purwita} and C. {Chen} and M. {Safari} and H. {Haas}},
    booktitle={{ICC 2019 - 2019 IEEE International Conference on Communications (ICC)}},
    title={{Cyclic-Prefixed System with PAM using DFE and THP for Uplink Transmission in LiFi}},
    year={2019},
    volume={},
    number={},
    address={Shanghai, China},
    pages={1-6},}

@ARTICLE{kominedfe,
  author={T. {Komine} and J. H. {Lee} and S. {Haruyama} and M. {Nakagawa}},
  journal={IEEE Transactions on Wireless Communications},
  title={{Adaptive equalization system for visible light wireless communication utilizing multiple white LED lighting equipment}},
  year={2009},
  volume={8},
  number={6},
  pages={2892-2900},}

@patent{haraldpatent,
  author        = "Harald Haas and Rami Ismail Taha Abu-Alhiga",
  assignee      = "University of Edinburgh ",
  address       = "Edinburgh, UK",
  title         = "{Encoding method by conveying coded bit information on patterns of different modulation schemes on orthogonal resource units}",
  nationality   = "European",
  number        = "EP2476210B1",
  dayfiled      = "10",
  monthfiled    = sep,
  yearfiled     = "2010",
  day           = "27",
  month         = jan,
  year          = "2016"
}

@ARTICLE{zhangvtm,
author={Z. {Zhang} and Y. {Xiao} and Z. {Ma} and M. {Xiao} and Z. {Ding} and X. {Lei} and G. K. {Karagiannidis} and P. {Fan}},
journal={IEEE Vehicular Technology Magazine},
title={{6G Wireless Networks: Vision, Requirements, Architecture, and Key Technologies}},
year={2019},
volume={14},
number={3},
pages={28-41},}

@ARTICLE{basaraccess,
  author={E. Basar and M. Wen and R. Mesleh and M. Di Renzo and Y. Xiao and H. Haas},
  journal={IEEE Access},
  title={{Index Modulation Techniques for Next-Generation Wireless Networks}},
  year={2017},
  volume={5},
  number={},
  pages={16693-16746},
  keywords={MIMO communication;OFDM modulation;transmitting antennas;IM techniques;OFDM system;channel modulation;index modulation techniques;multiple-input multiple-output system;next-generation wireless networks;orthogonal frequency division multiplexing;radio frequency mirrors;spatial modulation;transmit antenna;Indexes;MIMO;OFDM;Optical modulation;Optical transmitters;Phase modulation;5G wireless networks;MIMO systems;OFDM;OFDM with index modulation;channel modulation;cognitive radio networks;cooperative networks;full-duplex networks;index modulation;multi-carrier systems;multi-user systems;practical implementations;reconfigurable antennas;spatial modulation;vehicular communications;visible light communications},
  doi={10.1109/ACCESS.2017.2737528},
  ISSN={},
  month={},
}

@ARTICLE{sugiuraaccess,
  author={S. Sugiura and T. Ishihara and M. Nakao},
  journal={IEEE Access},
  title={{State-of-the-Art Design of Index Modulation in the Space, Time, and Frequency Domains: Benefits and Fundamental Limitations}},
  year={2017},
  volume={5},
  number={},
  pages={21774-21790},
  keywords={OFDM modulation;frequency division multiple access;next generation networks;IM-specific characteristics;diverse index modulation architectures;frequency domains;next-generation wireless systems;orthogonal frequency division multiplexing;single-carrier frequency division multiple access;spatial multiplexing frequency division multiplexing;time-domain IM scheme;wireless standards;Frequency-domain analysis;Modulation;OFDM;Time-domain analysis;Transmitting antennas;Index modulation;OFDM-IM;differential spatial modulation;faster-than-Nyquist signaling;single-RF;space-shift keying;space-time shift keying;spatial modulation;subcarrier index modulation;time-domain single-carrier index modulation},
  doi={10.1109/ACCESS.2017.2763978},
  ISSN={},
  month={},
}

@ARTICLE{ishikawasurvey,
  author={N. {Ishikawa} and S. {Sugiura} and L. {Hanzo}},
  journal={IEEE Communications Surveys Tutorials},
  title={{50 Years of Permutation, Spatial and Index Modulation: From Classic {RF} to Visible Light Communications and Data Storage}},
  year={2018},
  volume={20},
  number={3},
  pages={1905-1938},
  keywords={multiplexing;optical communication;signal representation;visible light communications;data storage;spatial modulation;SM;multicarrier communications;permutation modulation concept;wired communications;wireless communications;hybrid PM concept;3D signal representation;multiple-input multipleoutput microwave communications;Modulation;OFDM;MIMO communication;Indexes;Tutorials;Time-frequency analysis;Spatial modulation;permutation modulation;subcarrier index modulation;parallel combinatory;index modulation;differential modulation;mutual information;millimeter-wave;optical wireless;MIMO;OFDM},
  doi={10.1109/COMST.2018.2815642},
  ISSN={1553-877X},
  month={thirdquarter},}

@ARTICLE{setungerboeck,
  author={G. Ungerboeck},
  journal={IEEE Transactions on Information Theory},
  title={{Channel coding with multilevel/phase signals}},
  year={1982},
  volume={28},
  number={1},
  pages={55-67},
  keywords={APK communication;ASK communication;PSK communication;Viterbi decoding;Bandwidth;Channel capacity;Channel coding;Convolutional codes;Decoding;Euclidean distance;Phase modulation;Phase shift keying;Signal mapping;Viterbi algorithm},
  doi={10.1109/TIT.1982.1056454},
  ISSN={0018-9448},
  month={Jan},
}

@ARTICLE{verduookoptimality,
  author={S. Verdu},
  journal={IEEE Transactions on Information Theory},
  title={{Spectral efficiency in the wideband regime}},
  year={2002},
  volume={48},
  number={6},
  pages={1319-1343},
  keywords={spectral analysis;channel capacity;AWGN channels;multiuser channels;multi-access systems;broadband networks;spectral efficiency;energy-per-information bit;channel capacity;wideband power-limited regime;reliable communication;signaling;finite-bandwidth communication;antenna arrays;additive white Gaussian noise channel;AWGN channel;multiaccess channels;Spectral analysis;Information rates;Multiaccess communication;Broadband communication},
  doi={10.1109/TIT.2002.1003824},
  ISSN={0018-9448},
  month={June},}

@ARTICLE{agrellgraycode,
  author={E. Agrell and J. Lassing and E. G. Strom and T. Ottosson},
  journal={IEEE Transactions on Information Theory},
  title={{On the optimality of the binary reflected Gray code}},
  year={2004},
  volume={50},
  number={12},
  pages={3170-3182},
  keywords={Gray codes;error statistics;phase shift keying;pulse amplitude modulation;quadrature amplitude modulation;M-PAM;M-PSK;M-QAM;binary reflected Gray code;bit-error probability;communication systems;expansion;optimal labeling;phase-shift keying;pulse-amplitude modulation;quadrature amplitude modulation;recursive Gray labeling construction method;signal constellation;Amplitude modulation;Communication systems;Constellation diagram;Labeling;Phase modulation;Phase shift keying;Pulse modulation;Quadrature amplitude modulation;Reflective binary codes;Space technology;65;Average distance spectrum;PAM;PSK;QAM;binary reflected Gray code;constellation labeling;phase-shift keying;pulse-amplitude modulation;quadrature amplitude modulation},
  doi={10.1109/TIT.2004.838367},
  ISSN={0018-9448},
  month={Dec},
}

@ARTICLE{basaroam,
  author={E. {Basar}},
  journal={IEEE Transactions on Wireless Communications},
  title={{Orbital Angular Momentum With Index Modulation}},
  year={2018},
  volume={17},
  number={3},
  pages={2029-2037},
  keywords={angular momentum;error statistics;maximum likelihood detection;modulation;multiplexing;radio networks;orbital angular momentum;mode division multiplexing;high spectral efficiency;index modulation schemes;high energy efficiency;activated OAM modes;optimal OAM-IM schemes;low-complexity maximum likelihood detector;reference OAM-MDM schemes;low detection complexity;error performance;physical layer solution;short-distance line-of-sight wireless communication;theoretical bit error probability calculations;Modulation;MIMO communication;Wireless communication;Indexes;Multiplexing;Orbits;Receivers;Index modulation;line-of-sight wireless communications;MIMO systems;mode division multiplexing;orbital angular momentum},
  doi={10.1109/TWC.2017.2787992},
  ISSN={1536-1276},
  month={March},}

@ARTICLE{popoolagssk, 
  author={W. O. {Popoola} and E. {Poves} and H. {Haas}}, 
  journal={IEEE Transactions on Communications}, 
  title={{Error Performance of Generalised Space Shift Keying for Indoor Visible Light Communications}}, 
  year={2013}, 
  volume={61}, 
  number={5}, 
  pages={1968-1976}, 
  keywords={error analysis;indoor communication;maximum likelihood estimation;optical communication;optical receivers;optical transmitters;photodetectors;space division multiplexing;telecommunication signalling;error performance analysis;low complexity generalised space shift keying signalling technique;multiple transmitter generalised space shift keying signalling technique;GSSK transmitter;short range indoor visible light communications;N_t transmitter system;symbol error rate;SER;maximum likelihood criterion;multiple photodetectors;single PD system;electrical signal-to-noise ratio;beam directivity;dimming control;spectral efficiency reduction;pulse widths;gain 6 dB;loss 12 dB;bit rate 2 bit/s;bit rate 3 bit/s;Light emitting diodes;Optical transmitters;Adaptive optics;Optical receivers;Modulation;Optical pulses;Visible light communications;optical wireless;spatial modulation;generalised space shift keying}, 
  doi={10.1109/TCOMM.2013.022713.120501}, 
  ISSN={0090-6778}, 
  month={May},}

@INPROCEEDINGS{choiscim,
  author={J. Choi},
  booktitle={{2017 IEEE International Conference on Communications (ICC)}},
  title={{Single-carrier index modulation and CS detection}},
  year={2017},
  volume={},
  number={},
  pages={1-6},
  keywords={compressed sensing;diversity reception;fading channels;iterative methods;multipath channels;OFDM modulation;signal detection;single-carrier index modulation;CS detection;SCIM;path diversity gain;multipath fading environment;compressive sensing algorithm;low-complexity signal detection;orthogonal matching pursuit algorithm;OMP algorithm;OFDM-IM;orthogonal frequency division multiplexing;Complexity theory;OFDM;Diversity methods;Matching pursuit algorithms;Indexes;Modulation;Detectors;sparsity;index modulation;compressive sensing;diversity},
  doi={10.1109/ICC.2017.7996385},
  ISSN={1938-1883},
  month={May},
  address={Paris, France}}

@ARTICLE{leecommletter,
author={K. {Lee} and H. {Park} and J. R. {Barry}},
journal={IEEE Communications Letters},
title={{Indoor Channel Characteristics for Visible Light Communications}},
year={2011},
volume={15},
number={2},
pages={217-219},}

@ARTICLE{nakaoscim,
  author={M. Nakao and T. Ishihara and S. Sugiura},
  journal={IEEE Communications Letters},
  title={{Single-Carrier Frequency-Domain Equalization With Index Modulation}},
  year={2017},
  volume={21},
  number={2},
  pages={298-301},
  keywords={correlation methods;equalisers;modulation;FDE-aided SC-IM scheme;achievable error-rate performance;activated symbol indices;index modulation;interchannel correlation reduction;novel broadband single-carrier-based IM scheme;single-carrier frequency-domain equalization;symbol mapping algorithm;Broadband communication;Correlation;Frequency-domain analysis;Indexes;Modulation;OFDM;Time-domain analysis;Broadband;cyclic prefix;fast Fourier transform;frequency-domain equalization;index modulation;single carrier},
  doi={10.1109/LCOMM.2016.2626447},
  ISSN={1089-7798},
  month={Feb},
}

@ARTICLE{meslehsm,
  author={R. Y. Mesleh and H. Haas and S. Sinanovic and C. W. Ahn and S. Yun},
  journal={IEEE Transactions on Vehicular Technology},
  title={{Spatial Modulation}},
  year={2008},
  volume={57},
  number={4},
  pages={2228-2241},
  keywords={modulation;receivers;receiving antennas;transmitting antennas;information bearing unit;information bits;information carrying unit;interference cancellation;maximum receive ratio combining algorithm;multiple antennas;orthogonal frequency division multiplexing transmission;receive antenna;receiver complexity;spatial modulation;spectral efficiency;symbol error ratio analysis;transmission technique;transmit antenna number;ICI;Interchannel interference (ICI);MIMO;MMSE;MRRC;Mutual Antenna Coupling;OFDM;Receiver Complexity;Rician Fading;STBC;Spatial Correlation;Spatial Modulation;V-BLAST;multiple-input–multiple-output (MIMO);orthogonal frequency division multiplexing (OFDM);receiver complexity;space–time coding (STC) coded modulation;spatial modulation (SM);vertical Bell Labs layered space–time (V-BLAST)},
  doi={10.1109/TVT.2007.912136},
  ISSN={0018-9545},
  month={July},
}

@INPROCEEDINGS{meslehchinacom, 
  author={R. Mesleh and H. Haas and C. W. Ahn and S. Yun}, 
  booktitle={{2006 First International Conference on Communications and Networking in China}}, 
  title={{Spatial Modulation - A New Low Complexity Spectral Efficiency Enhancing Technique}}, 
  year={2006}, 
  volume={}, 
  number={}, 
  pages={1-5}, 
  keywords={adjacent channel interference;antenna arrays;computational complexity;error statistics;iterative methods;modulation;radiocommunication;BER;bit-error-ratio;interchannel interference;iterative-maximum ratio combining;multiple antenna transmission;receive antenna;receiver complexity;spatial modulation;spectral efficiency enhancing technique;transmit antenna synchronization;vertical-Bell Lab layered space-time;Binary phase shift keying;Constellation diagram;Detection algorithms;Interchannel interference;MIMO;Quadrature amplitude modulation;Quadrature phase shift keying;Quality of service;Receiving antennas;Transmitting antennas}, 
  doi={10.1109/CHINACOM.2006.344658}, 
  ISSN={}, 
  month={Oct},
  address={Beijing, China}}

@INPROCEEDINGS{alhigasimofdm, 
  author={R. Abu-alhiga and H. Haas}, 
  booktitle={{2009 IEEE 20th International Symposium on Personal, Indoor and Mobile Radio Communications}}, 
  title={{Subcarrier-index modulation OFDM}}, 
  year={2009}, 
  volume={}, 
  number={}, 
  pages={177-181}, 
  keywords={OFDM modulation;Rayleigh channels;error statistics;phase modulation;quadrature amplitude modulation;OFDM subcarrier-index modulation;Rayleigh channel;amplitude shift keying;closed-form analytical bit error ratio;error probability performance gain;orthogonal frequency division multiplexing systems;quadrature amplitude modulation;two-dimensional amplitude-phase modulation techniques;Amplitude shift keying;Analytical models;Bit error rate;Error analysis;OFDM modulation;Performance analysis;Phase modulation;Quadrature amplitude modulation;Rayleigh channels;Two dimensional displays}, 
  doi={10.1109/PIMRC.2009.5449882}, 
  ISSN={2166-9570}, 
  month={Sept},
  address={Tokyo, Japan},
  }

@ARTICLE{khorovwifi6,  
  author={E. {Khorov} and A. {Kiryanov} and A. {Lyakhov} and G. {Bianchi}},  journal={IEEE Communications Surveys   Tutorials},  title={{A Tutorial on IEEE 802.11ax High Efficiency WLANs}},   year={2019},  volume={21},  number={1},  pages={197-216},}

@INPROCEEDINGS{naikmuul, 
  author={G. {Naik} and S. {Bhattarai} and J. {Park}}, booktitle={{2018 IEEE International Conference on Communications (ICC)}}, title={{Performance Analysis of Uplink Multi-User OFDMA in IEEE 802.11ax}}, year={2018}, volume={}, number={}, pages={1-6},} 

@misc{commscope,
    author={{CommScope}},
    title={{Smart Building Activity}},
    howpublished={\url{https://www.commscope.com/globalassets/digizuite/3296-smart-building-ebook-co-109520-en.pdf?r=1}},
    note={accessed \today},
    year={2018}
}

@misc{owcsimpy,
    author={A. A. {Purwita}},
    title={{owcsimpy: a Python simulator for optical wireless communications}},
    howpublished={\url{https://github.com/ardimasp/owcsimpy}},
    note={accessed \today},
    year={2020}
}

@ARTICLE{nuwanpriyapamscfde,
  author={A. Nuwanpriya and S. W. Ho and J. A. Zhang and A. J. Grant and L. Luo},
  journal={Journal of Lightwave Technology},
  title={{PAM-SCFDE for Optical Wireless Communications}},
  year={2015},
  volume={33},
  number={14},
  pages={2938-2949},
  keywords={OFDM modulation;error statistics;intersymbol interference;light emitting diodes;optical receivers;optical transmitters;pulse amplitude modulation;BER;OFDM;PAM-SCFDE;PAPR;VLC systems;analytical bit-error-rate performance;bandwidth limitation;bit signal-to-noise ratio;ceiling;data rates;equipment;forward current restriction;indoor applications;intersymbol interference;light-emitting diode transmitters;modulation sizes;multipath dispersion;nonlinearity;optical wireless communications;orthogonal frequency-division multiplexing;overall system complexity;peak-to-average power ratio;power efficiency;power-spectral efficiency;pulse amplitude modulated SCFDE;receiver;reflected signals;simulated bit-error-rate performance;single-carrier systems with frequency-domain equalization;transmitted signal;visible light communication systems;walls;Bit error rate;Light emitting diodes;Modulation;OFDM;Optical pulses;Optical receivers;Optical transmitters;Optical wireless communications;optical wireless communications;pulse amplitude modulation (PAM);single carrier systems with frequency domain equalization (SCFDE);visible light communications},
  doi={10.1109/JLT.2015.2424456},
  ISSN={0733-8724},
  month={July},
} 

@ARTICLE{owhn,
author={M. Z. {Chowdhury} and M. K. {Hasan} and M. {Shahjalal} and M. T. {Hossan} and Y. M. {Jang}},
journal={IEEE Communications Surveys Tutorials},
title={{Optical Wireless Hybrid Networks: Trends, Opportunities, Challenges, and Research Directions}},
year={2020},
volume={22},
number={2},
pages={930-966},}

@INPROCEEDINGS{tezcanspectrumcrunch,
  author={T. {Cogalan} and H. {Haas}},
  booktitle={{2017 IEEE 28th Annual International Symposium on Personal, Indoor, and Mobile Radio Communications (PIMRC)}},
  title={{Why would 5G need optical wireless communications?}},
  year={2017},
  volume={},
  number={},
  pages={1-6},}

Anamalamudi, S., Sangi, A. R., Alkatheiri, M., Muhaya, F. T. B., & Liu, C. (2018). 5G-WLAN Security. A Comprehensive Guide to 5G Security, 143–163. doi:10.1002/9781119293071.ch7 
@INPROCEEDINGS{wlansecurity,
  author={S. {Anamalamudi} and A. R. {Sangi} and M. {Alkatheiri} and F. T. B. {Muhaya} and C. {Liu}},
  booktitle={{A Comprehensive Guide to 5G Security}},
  title={{5G-WLAN Security}},
  year={2018},
  volume={},
  number={},
  doi={10.1002/9781119293071.ch7},
  pages={143–163},}

https://oled-tech.de/files/49/XLampXPE-25A.pdf
@misc{creedatasheet,
    author={{CREE}},
    title={{Cree\textsuperscript{\textregistered} XLamp\textsuperscript{\textregistered} XP-E LEDs}},
    howpublished={\url{https://www.cree.com/led-components/media/documents/XLampXPE.pdf}},
    note={accessed \today},
    year={2020}
}

 FCC  Staff  Technical  Paper,  “Mobile  Broadband:  The  Benefitsof  Additional  Spectrum,”  Federal  Communications  Commission(FCC), Washington, DC, USA, Tech. Rep., October 2010.



@misc{fccspectrumcrunch,
  title         = {{Mobile  Broadband:  The  Benefits of  Additional  Spectrum}},
  howpublished  = "FCC  Staff  Technical  Paper",
  author        = "FCC",
  month         = "Oct",
  year          = "2010"
}



@misc{ciscowhitepaper2020,
  title         = {{Cisco Annual Internet Report (2018–2023) White Paper}},
  howpublished  = "White Paper",
  author  = "Cisco",
  month         = "March",
  year          = "2020"
}

BS EN 62471:2008, Photobiological Safety of Lamps and Lamp Systems,
BSI British Standards Std., Sep. 2008.
@misc{safetyvisiblelight,
  title         = {{BS EN 62471:2008-Photobiological Safety of Lamps and Lamp Systems}},
  author  = "{BSI British Standards Std.}",
  month         = "September",
  year          = "2008"
}

International Electrotechnical Commission, CEI/IEC
825-1: Safety of Laser Products, 1993.
@misc{iec1993,
  title         = {{CEI/IEC
825-1: Safety of Laser Product}},
  author  = "{International Electrotechnical Commission}",
  year          = "1993"
}

@article{farshadzemax,
author = {Miramirkhani, Farshad  and Uysal, Murat },
title = {{Channel modelling for indoor visible light communications}},
journal = {Philosophical Transactions of the Royal Society A: Mathematical, Physical and Engineering Sciences},
volume = {378},
number = {2169},
pages = {20190187},
year = {2020},
doi = {10.1098/rsta.2019.0187},
}

@ARTICLE{wigigspec,
  author={{IEEE P802.11 TGad}},
  journal={IEEE Std 802.11ad-2012 (Amendment to IEEE Std 802.11-2012, as amended by IEEE Std 802.11ae-2012 and IEEE Std 802.11aa-2012)},
  title={{IEEE Standard for Information technology--Telecommunications and information exchange between systems--Local and metropolitan area networks--Specific requirements-Part 11: Wireless LAN Medium Access Control (MAC) and Physical Layer (PHY) Specifications Amendment 3: Enhancements for Very High Throughput in the 60 GHz Band}},
  year={2012},
  volume={},
  number={},
  pages={1-628},}

@ARTICLE{wifi6,
author={{IEEE P802.11 TGax}},
journal={IEEE P802.11ax/D3.0, June 2018},
title={{IEEE} Draft Standard for Information Technology -- Telecommunications and Information Exchange Between Systems Local and Metropolitan Area Networks -- Specific Requirements Part 11: Wireless {LAN} Medium Access Control ({MAC}) and Physical Layer ({PHY}) Specifications Amendment Enhancements for High Efficiency {WLAN}},
year={2018},
volume={},
number={},
pages={1-682},
keywords={IEEE Standards;Information exchange;Wireless LAN;Local area networks;Metropolitan area networks;Media Access Protocol;Physical layer;OFDM;high efficiency;PHY;physical layer;MAC;medium access control;OFDMA;orthogonal frequency division multiple access;wireless local area network;WLAN},
doi={},
ISSN={},
month={July},}

@ARTICLE{gvlc, 
  author={{ITU-T G.9991}}, 
  journal={Rec. ITU-T G.9991, International Telecommunications Union}, 
  title={{High-speed indoor visible light communication transceiver – System architecture, physical layer and data link layer specification}}, 
  year={2019}, 
  volume={}, 
  pages={}, 
  }

@article{dqoscfde,
  author = {Acolatse, Kodzovi and Bar-Ness, Yeheskel and Wilson, Sarah Kate},
  title = {{Novel Techniques of Single-Carrier Frequency-Domain Equalization for Optical Wireless Communications}},
  year = {2011},
  issue_date = {January 2011},
  publisher = {Hindawi Limited},
  address = {London, GBR},
  volume = {2011},
  issn = {1110-8657},
  doi = {10.1155/2011/393768},
  month = jan,
  articleno = {4},
  numpages = {13}
  }

@ARTICLE{khalighiaccess,
  author={M. A. Khalighi and S. Long and S. Bourennane and Z. Ghassemlooy},
  journal={IEEE Access},
  title={{PAM}- and {CAP}-Based Transmission Schemes for Visible-Light Communications},
  year={2017},
  volume={5},
  number={},
  pages={27002-27013},
  keywords={OFDM modulation;electromagnetic interference;equalisers;free-space optical communication;frequency-domain analysis;light emitting diodes;optical modulation;phase modulation;pulse amplitude modulation;CAP-based transmission schemes;FDE-based signaling;O;O-OFDM-based schemes;PAM-based transmission schemes;VLC systems;carrier-less amplitude modulation;commercial light emitting diodes;electromagnetic interference;frequency-domain equalization;high data rates;high data-rate transmission;indoor scenarios;modulation bandwidth;optical orthogonal frequency-division multiplexing-based schemes;peak-to-average-power ratio;phase modulation schemes;pulse amplitude modulation;receiver;spatial confinement;spectrally efficient modulation schemes;transmission rates;unregulated spectrum;visible-light communications;Bandwidth;Light emitting diodes;Lighting;Modulation;Peak to average power ratio;Radio frequency;PAPR;Visible-light communications;carrierless amplitude and phase modulation;frequency-domain equalization;optical OFDM;pulse amplitude modulation},
  doi={10.1109/ACCESS.2017.2765181},
  ISSN={},
  month={},}

@ARTICLE{acoofdm,
  author={J. {Armstrong} and A. J. {Lowery}},
  journal={Electronics Letters},
  title={{Power efficient optical OFDM}},
  year={2006},
  volume={42},
  number={6},
  pages={370-372},}

@INPROCEEDINGS{ppmscfde,
  author={C. {Hsieh} and D. {Shiu}},
  booktitle={{2006 IEEE 17th International Symposium on Personal, Indoor and Mobile Radio Communications}},
  title={{Single Carrier Modulation with Frequency Domain Equalization for Intensity Modulation-Direct Detection Channels with Intersymbol Interference}},
  year={2006},
  volume={},
  number={},
  address={Helsinki, Finland},
  pages={1-5},}

@INPROCEEDINGS{flipofdm,
  author={N. {Fernando} and Y. {Hong} and E. {Viterbo}},
  booktitle={{2011 IEEE Information Theory Workshop}},
  title={{Flip-OFDM for optical wireless communications}},
  year={2011},
  volume={},
  number={},
  address={Paraty, Brazil},
  pages={5-9},}

@INPROCEEDINGS{pmofdm,
  author={A. {Nuwanpriya} and A. {Grant} and S. {Ho} and L. {Luo}},
  booktitle={{2012 IEEE Globecom Workshops}},
  title={{Position Modulating OFDM for optical wireless communications}},
  year={2012},
  volume={},
  number={},
  address={Anaheim, CA, USA},
  pages={1219-1223},}

@INPROCEEDINGS{dcofdm,
  author={J. B. {Carruthers} and J. M. {Kahn}},
  booktitle={{1994 IEEE GLOBECOM. Communications: The Global Bridge}},
  title={{Multiple-subcarrier modulation for non-directed wireless infrared communication}},
  year={1994},
  volume={2},
  number={},
  address={San Francisco, CA, USA, USA},
  pages={1055-1059 vol.2},}

@INPROCEEDINGS{euofdm,
  author={D. {Tsonev} and H. {Haas}},
  booktitle={{2014 IEEE International Conference on Communications (ICC)}},
  title={{Avoiding spectral efficiency loss in unipolar OFDM for optical wireless communication}},
  year={2014},
  volume={},
  number={},
  address={Sydney, NSW, Australia},
  pages={3336-3341},}

@INPROCEEDINGS{bpa2,
  author={S. {Zhengguo} and Z. {Yijun} and Z. {Yanyu}},
  booktitle={{2012 Second International Conference on Business Computing and Global Informatization}},
  title={{The DMT-Based Bit-Power Allocation Algorithms in the Visible Light Communication}},
  year={2012},
  volume={},
  number={},
  address={Shanghai, China},
  pages={572-575},}

@ARTICLE{bpa1,
  author={J. {Vučič} and C. {Kottke} and S. {Nerreter} and K. {Langer} and J. W. {Walewski}},
  journal={Journal of Lightwave Technology},
  title={{513 Mbit/s Visible Light Communications Link Based on DMT-Modulation of a White LED}},
  year={2010},
  volume={28},
  number={24},
  pages={3512-3518},}

@ARTICLE{bpa3,
  author={A. M. {Khalid} and G. {Cossu} and R. {Corsini} and P. {Choudhury} and E. {Ciaramella}},
  journal={IEEE Photonics Journal},
  title={{1-Gb/s Transmission Over a Phosphorescent White LED by Using Rate-Adaptive Discrete Multitone Modulation}},
  year={2012},
  volume={4},
  number={5},
  pages={1465-1473},}

@ARTICLE{bpa4,
  author={D. {Bykhovsky} and S. {Arnon}},
  journal={Journal of Lightwave Technology},
  title={An Experimental Comparison of Different Bit-and-Power-Allocation Algorithms for DCO-OFDM},
  year={2014},
  volume={32},
  number={8},
  pages={1559-1564},}

@INPROCEEDINGS{bpa5,
  author={Q. {Lu} and X. {Ji} and K. {Huang}},
  booktitle={{2014 4th IEEE International Conference on Information Science and Technology}},
  title={Clipping distortion analysis and optimal power allocation for ACO-OFDM based visible light communication},
  year={2014},
  volume={},
  number={},
  address={Shenzhen, China },
  pages={320-323},}

@ARTICLE{bpa6,
  author={L. {Wei} and H. {Zhang} and B. {Yu}},
  journal={Electronics Letters},
  title={{Optimal bit-and-power allocation algorithm for VLC-OFDM system}},
  year={2016},
  volume={52},
  number={12},
  pages={1036-1037},}

@INPROCEEDINGS{uofdm,
  author={D. {Tsonev} and S. {Sinanovic} and H. {Haas}},
  booktitle={{2012 IEEE 75th Vehicular Technology Conference (VTC Spring)}},
  title={{Novel Unipolar Orthogonal Frequency Division Multiplexing (U-OFDM) for Optical Wireless}},
  year={2012},
  volume={},
  number={},
  address={Yokohama, Japan},
  pages={1-5},}

@book{proakisbook,
  author = {Proakis},
  publisher = {McGraw Hill},
  title = {Digital Communications 5th Edition},
  year = {2007}
}

@misc{wu2020hybrid,
    title={{Hybrid LiFi and WiFi Networks: A Survey}},
    author={Xiping Wu and Mohammad Dehghani Soltani and Lai Zhou and Majid Safari and Harald Haas},
    year={2020},
    eprint={2001.04840},
    archivePrefix={arXiv},
    primaryClass={cs.IT}
}

@ARTICLE{sdnenvision,
  author={J. H. {Cox} and J. {Chung} and S. {Donovan} and J. {Ivey} and R. J. {Clark} and G. {Riley} and H. L. {Owen}},
  journal={IEEE Access},
  title={{Advancing Software-Defined Networks: A Survey}},
  year={2017},
  volume={5},
  number={},
  pages={25487-25526},}

@misc{chen2019physical,
      title={{Physical Layer Performance Evaluation of Wireless Infrared-based LiFi Uplink}}, 
      author={Cheng Chen and Dushyantha Basnayaka and Ardimas Andi Purwita and Xiping Wu and Harald Haas},
      year={2019},
      eprint={1904.13163},
      archivePrefix={arXiv},
      primaryClass={cs.IT}
}

@inproceedings{liubehave,
  author = {Liu, Chao and White, Ryen W. and Dumais, Susan},
  title = {{Understanding Web Browsing Behaviors through Weibull Analysis of Dwell Time}},
  year = {2010},
  isbn = {9781450301534},
  publisher = {Association for Computing Machinery},
  address = {New York, NY, USA},
  booktitle = {{Proceedings of the 33rd International ACM SIGIR Conference on Research and Development in Information Retrieval}},
  pages = {379–386},
  numpages = {8},
  keywords = {dwell time, user behaviors, web browsing, Weibull analysis},
  address = {Geneva, Switzerland},
  series = {SIGIR '10}
  }



@INPROCEEDINGS{stefanareaspectraleff,  
  author={I. {Stefan} and H. {Burchardt} and H. {Haas}},  booktitle={{2013 IEEE International Conference on Communications (ICC)}},   title={{Area spectral efficiency performance comparison between VLC and RF femtocell networks}},   year={2013},  volume={},  number={},  pages={3825-3829},}

@ARTICLE{lilbwifilifi,
  author={X. {Li} and R. {Zhang} and L. {Hanzo}},
  journal={{IEEE Transactions on Communications}}, 
  title={{Cooperative Load Balancing in Hybrid Visible Light Communications and WiFi}}, 
  year={2015},
  volume={63},
  number={4},
  pages={1319-1329},}

@ARTICLE{maqoelbwifilifi,
  author={W. {Ma} and L. {Zhang}},
  journal={{IEEE Communications Letters}},
  title={{QoE-Driven Optimized Load Balancing Design for Hybrid LiFi and WiFi Networks}},
  year={2018},
  volume={22},
  number={11},
  pages={2354-2357},}

@ARTICLE{yunlulbwifilifi,
  author={Y. {Wang} and H. {Haas}},
  journal={{Journal of Lightwave Technology}},
  title={{Dynamic Load Balancing With Handover in Hybrid Li-Fi and Wi-Fi Networks}},
  year={2015},
  volume={33},
  number={22},
  pages={4671-4682},}

@ARTICLE{obeedlbwifilifi,
  author={M. {Obeed} and A. M. {Salhab} and S. A. {Zummo} and M. {Alouini}},
  journal={IEEE/OSA Journal of Optical Communications and Networking},
  title={Joint optimization of power allocation and load balancing for hybrid VLC/RF networks},
  year={2018},
  volume={10},
  number={5},
  pages={553-562},}

@INPROCEEDINGS{hamadasdn,
  author={H. {Alshaer} and H. {Haas}},
  booktitle={{2016 IEEE Conference on Standards for Communications and Networking (CSCN)}},
  title={{SDN-enabled Li-Fi/Wi-Fi wireless medium access technologies integration framework}},
  year={2016},
  volume={},
  number={},
  address = {Berlin, Germany},
  pages={1-6},}

@ARTICLE{liudecoupletcp,
  author={Y. {Liu} and X. {Qin} and T. {Zhang} and T. {Zhu} and X. {Chen} and G. {Wei}},
  journal={{IEEE/OSA Journal of Optical Communications and Networking}},
  title={{Decoupled TCP extension for VLC hybrid network}},
  year={2018},
  volume={10},
  number={5},
  pages={563-572},}

@ARTICLE{haraldjocn,
  author={H. {Haas} and L. {Yin} and C. {Chen} and S. {Videv} and D. {Parol} and E. {Poves} and H. {Alshaer} and M. S. {Islim}},
  journal={{IEEE/OSA Journal of Optical Communications and Networking}},
  title={{Introduction to indoor networking concepts and challenges in LiFi}},
  year={2020},
  volume={12},
  number={2},
  pages={A190-A203},}

@INPROCEEDINGS{shaosdvlc,
  author={S. {Shao} and A. {Khreishah} and M. B. {Rahaim} and H. {Elgala} and M. {Ayyash} and T. D. C. {Little} and J. {Wu}},
  booktitle={{2014 IEEE 11th International Conference on Mobile Ad Hoc and Sensor Systems}},
  title={{An Indoor Hybrid WiFi-VLC Internet Access System}},
  year={2014},
  volume={},
  number={},
  address = {Philadelphia, PA, USA},
  pages={569-574},}

@INPROCEEDINGS{linktosystemmapping,
  author={K. {Brueninghaus} and D. {Astely} and T. {Salzer} and S. {Visuri} and A. {Alexiou} and S. {Karger} and G. -. {Seraji}},
  booktitle={{2005 IEEE 16th International Symposium on Personal, Indoor and Mobile Radio Communications}},
  title={{Link performance models for system level simulations of broadband radio access systems}},
  year={2005},
  volume={4},
  number={},
  address = {Berlin, Germany},
  pages={2306-2311 Vol. 4},}

@ARTICLE{dimitrovjsac,
  author={S. {Dimitrov} and R. {Mesleh} and H. {Haas} and M. {Cappitelli} and M. {Olbert} and E. {Bassow}},
  journal={IEEE Journal on Selected Areas in Communications},
  title={{On the SIR of a cellular infrared optical wireless system for an aircraft}},
  year={2009},
  volume={27},
  number={9},
  pages={1623-1638},}

@misc{tgbbrefchannel,
    title={{IEEE 802.11bb Reference Channel Models for Indoor Environments}},
    author={M. {Uysal} and F. {Miramirkhani} and T. {Baykas} and K. {Qaraqe}},
    year={2018},
    howpublished={\url{https://mentor.ieee.org/802.11/dcn/18/11-18-1582-04-00bb-ieee-802-11bb-reference-channel-models-for-indoor-environments.pdf}},
}

@misc{tcpratio,
    title={{Trends in Wide Area IP Traffic Patterns}},
    author={Sean McCreary},
    year={2020},
    howpublished={\url{https://www.caida.org/publications/papers/2000/AIX0005/AIX0005.html}},
}

@INPROCEEDINGS{chengmiesm,
author={{Jung-Fu Cheng}},
booktitle={{International Symposium onInformation Theory, 2004. ISIT 2004. Proceedings.}},
title={{Coding performance of various type-I HARQ schemes with BICM}},
year={2004},
volume={},
address={Chicago, IL, USA},
pages={319-319},}

@misc{alexa,
    title={{The top 500 sites on the web}},
    author={Alexa},
    year={2020},
    howpublished={\url{https://www.alexa.com/topsites}},
}

@misc{eesm1,
    title={{Feasibility Study for OFDM for UTRAN enhancement (release 6)v1.1.0}},
    author={{3GPP TR 25.892}},
    year={2004},
}

@ARTICLE{eesm2,
  author={Ericsson},
  journal={3GPP2-C30-20030429-010,},
  title={{Effective SNR mapping for modelling frame error rates in multiple-state channels}},
  year={2003},
}

@misc{wlantoolbox,
    title={{WLAN Toolbox}},
    author={MATLAB\textsuperscript{\textregistered}},
    year={2020},
    howpublished={\url{https://uk.mathworks.com/help/wlan/}},
}

@misc{tgbbcommonmode,
    title={{Proposal for common-mode mandatory PHY}},
    author={Nikola Serafimovski and Chong Han and Tamas Weszely and Stefan Videv and Ardimas Purwita and Mohammad Dehghani and Cheng Chen and Harald Haas},
    year={2019},
    howpublished={\url{https://mentor.ieee.org/802.11/dcn/19/11-19-1625-04-00bb-proposed-common-mode-mandatory-phy.pptx}},
}

@misc{tgbbcenterfreq1,
    title={{Proposed Center Frequency for the Common Mode Mandatory PHY}},
    author={Ardimas Purwita and Harald Haas and Nikola Serafimovski and Mostafa Afgani and Stephan Berner and Duncan Walker and Stefan Videv and Farshad Miramirkhani},
    year={2020},
    howpublished={\url{https://mentor.ieee.org/802.11/dcn/20/11-20-0572-00-00bb-proposed-center-frequency-mandatory-phy.pptx}},
}

@misc{tgbbcenterfreqagreed,
    title={{Proposals and related work on Center Frequency for the Common Mode Mandatory PHY}},
    author={Ardimas Purwita and Arne Rossius and Harald Haas and Nikola Serafimovski and Mostafa Afgani and Stephan Berner and Tamas Weszely and Stefan Videv and Farshad Miramirkhani and Chong Han and Tuncer Baykas and Murat Uysal},
    year={2020},
    howpublished={\url{https://mentor.ieee.org/802.11/dcn/20/11-20-1449-03-00bb-proposals-and-related-work-on-center-frequency-for-the-common-mode-mandatory-phy.pptx}},
}

@misc{tgbbcenterfreq2,
    title={{Proposed Center Frequency for the Common Mode Mandatory PHY}},
    author={Ardimas Purwita and Harald Haas and Nikola Serafimovski and Stephan Berner},
    year={2020},
    howpublished={\url{https://mentor.ieee.org/802.11/dcn/20/11-20-0815-00-00bb-proposed-center-frequency-for-common-mode-mandatory-phy.pptx}},
}

@misc{tgbbcenterfreq3,
    title={{Experimental results for TGbb centre frequency discussion}},
    author={Arne Rossius and Stephan Berner and Tamas Weszely and Ardimas Purwita and Harald Haas and Nikola Serafimovski and Mostafa Afgani and Chong Han},
    year={2020},
    howpublished={\url{https://mentor.ieee.org/802.11/dcn/20/11-20-1037-00-00bb-experimental-results-for-tgbb-centre-freq-discussion.pptx}},
}

@misc{tgbbcenterfreq4,
    title={{TGbb common PHY mode and LC HE PHY mode center frequency discussion}},
    author={Nikola Serafimovski and Chong Han and Stephan Berner and Tamas Weszely and Mostafa Afgani and Harald Haas and Ardimas Purwita},
    year={2020},
    howpublished={\url{https://mentor.ieee.org/802.11/dcn/20/11-20-1162-00-00bb-tgbb-common-phy-mode-and-lc-he-phy-mode-center-frequency-discussion.pptx}},
}

@INPROCEEDINGS{soltaniiccw,
author={M. {Dehghani Soltani} and A. A. {Purwita} and Z. {Zeng} and C. {Chen} and H. {Haas} and M. {Safari}},
booktitle={{2020 IEEE International Conference on Communications Workshops (ICC Workshops)}},
title={{An Orientation-Based Random Waypoint Model for User Mobility in Wireless Networks}},
year={2020},
volume={},
address={Dublin, Ireland},
pages={1-6},}

@INPROCEEDINGS{ardimasflatnesswcnc,
  author={A. A. {Purwita} and H. {Haas}},
  booktitle={{2020 IEEE Wireless Communications and Networking Conference (WCNC)}},
  title={{Studies of Flatness of LiFi Channel for IEEE 802.11bb}},
  year={2020},
  volume={},
  number={},
  address={Seoul, Korea (South)},
  pages={1-6},}

@electronic{ardimasflatnesstgbb,
author={Ardimas Purwita and Stefan Videv and Harald Haas and Nikola Serafimofski}, 
  title         = "{Spectral Flatness Test of the TGbb’s Reference Channel Models with HE Waveform}",
  url           = "https://mentor.ieee.org/802.11/dcn/19/11-19-1639-01-00bb-spectral-flatness-test-of-the-tgbb-refrence-channel-models-with-he-waveform.pptx",
  month         = "September",
  year          = "2019"
}

@INPROCEEDINGS{ardimasiqwdm,
  author={A. A. {Purwita} and H. {Haas}},
  booktitle={{2020 IEEE Wireless Communications and Networking Conference (WCNC)}},
  title={{IQ-WDM for IEEE 802.11bb-based LiFi}},
  year={2020},
  volume={},
  number={},
  address={Seoul, Korea (South)},
  pages={1-6},}

@misc{tgbbsinglecarrier,
    title={{VLC based Simulation Results in Enterprise and Industrial Environment}},
    author={Jeong Gon Kim and Ho Kyung Yu and Vinayagam Mariappan and Jae Sang Cha},
    year={2019},
    howpublished={\url{https://mentor.ieee.org/802.11/dcn/19/11-19-0875-02-00bb-vlc-based-simulation-results-in-enterprise-and-industrial-environment.pptx}},
}

@ARTICLE{harashima,
  author={H. Harashima and H. Miyakawa},
  journal={IEEE Transactions on Communications},
  title={{Matched-Transmission Technique for Channels With Intersymbol Interference}},
  year={1972},
  volume={20},
  number={4},
  pages={774-780},
  keywords={Communication channels;Data communication;Dispersion;Information theory;Intersymbol interference;Noise reduction;Partial response signaling;Pulse modulation;Signal to noise ratio;Transmitters},
  doi={10.1109/TCOM.1972.1091221},
  ISSN={0090-6778},
  month={Aug},
}

@ARTICLE{tomlinson,
  author={M. Tomlinson},
  journal={Electronics Letters},
  title={{New automatic equaliser employing modulo arithmetic}},
  year={1971},
  volume={7},
  number={5},
  pages={138-139},
  keywords={equalisers;filters;automatic equalizer;feedback transversal filter;instability elimination;inverse filter;modulo arithmetic},
  doi={10.1049/el:19710089},
  ISSN={0013-5194},
  month={March},
}

@ARTICLE{fangxudfe,
  author={Fang Xu and T. N. Davidson and Jian-Kang Zhang and K. M. Wong},
  journal={IEEE Transactions on Signal Processing},
  title={{Design of block transceivers with decision feedback detection}},
  year={2006},
  volume={54},
  number={3},
  pages={965-978},
  keywords={Gaussian processes;automatic repeat request;error statistics;least mean squares methods;matrix algebra;transceivers;Gaussian code;MMSE;MSE;arithmetic mean squared error;bit loaded system;block transceiver design;block-by-block communication system;decision feedback detection;error propagation;minimum mean square error;signal-to-noise ratio;transmitter-receiver pair;Arithmetic;Closed-form solution;Detectors;Feedback;Interference cancellation;Mutual information;OFDM modulation;Object detection;Transceivers;Transmitters;Bit error rate;block precoding;channel capacity;decision feedback detection;minimum mean-square error;mutual information;zero-forcing},
  doi={10.1109/TSP.2005.861779},
  ISSN={1053-587X},
  month={March},
}

@ARTICLE{scaglioneblock,
  author={A. Scaglione and G. B. Giannakis and S. Barbarossa},
  journal={IEEE Transactions on Signal Processing},
  title={{Redundant filterbank precoders and equalizers. {I}. Unification and optimal designs}},
  year={1999},
  volume={47},
  number={7},
  pages={1988-2006},
  keywords={FIR filters;encoding;equalisers;modulation;multi-access systems;transceivers;CDMA;DMT;FIR channels;FIR zero-forcing equalizer filterbanks;OFDM;TDMA;equalizers;fades;frequency-selective channels;jointly optimal transmitter-receiver filterbank designs;minimum mean-square error;modulations;multicarrier transmissions;optimal designs;redundant filterbank preceders;single-user communications;transmitter redundancy;zero-forcing filterbanks;Equalizers;Filter bank;Finite impulse response filter;Multiaccess communication;OFDM modulation;Redundancy;Signal to noise ratio;Sufficient conditions;Time division multiple access;Transmitters},
  doi={10.1109/78.771047},
  ISSN={1053-587X},
  month={Jul},}

@ARTICLE{kinanisurvey,
  author={A. {Al-Kinani} and C. {Wang} and L. {Zhou} and W. {Zhang}},
  journal={{IEEE Communications Surveys Tutorials}},
  title={{Optical Wireless Communication Channel Measurements and Models}},
  year={2018},
  volume={20},
  number={3},
  pages={1939-1962},}

@INPROCEEDINGS{dengonoffmodel,
  author={Shuang Deng},
  booktitle={{Proceedings of ICC/SUPERCOMM '96 - International Conference on Communications}},
  title={{Empirical model of WWW document arrivals at access link}},
  year={1996},
  volume={3},
  number={},
  address={Dallas, TX, USA},
  pages={1797-1802 vol.3},}

@misc{tgaxmethod,
    title={{11ax Evaluation Methodology}},
    author={Ron Porat and Matt Fischer and Simone Merlin and Sameer Vermani and Edward Au and David Yangxun and Jiayin Zhang and Jun Luo and Jiyong Pang and Robert Stacy and Shahrnaz Azizi and Chittabrata Ghosh and Wookbong Lee and HanGyu Cho and Jianhan Liu and James Yee and Laurent Cariou and Thomas Derham and Yasuhiko Inoue and Yusuke Asai and Yasushi Takatori and Akira Kishida and Koichi Ishihara and Akira Yamada and Shoko Shinohara and Masashi Iwabuchi and Sayantan Choudhury and Esa Tuomaala and Klaus Doppler and Jarkko Kneckt and Minho Cheong and Jae Seung and Leif Wilhelmsson and Filip Mestanov and Yakun Sun and Jinjing Jiang and Yan Zhang and Kaushik Josiam and Yonggang Fang and Bo Sun and Kaiying Lv and Zhendong Lou and Meng Yang and Reza Hedayat and Daewon Lee  and Brian Hart and David Halls and Eric Wong  and Joonsuk Kim and Guoqing Li and Xiaofei Wang and Kome Oteri},
    year={2016},
    howpublished={\url{https://mentor.ieee.org/802.11/dcn/18/11-18-1582-04-00bb-ieee-802-11bb-reference-channel-models-for-indoor-environments.pdf}},
}

@misc{tggbpreproposallcoptimized,
  title={{LC-optimized PHY proposal for TGbb}},
  author={Volker Jungnickel and Kai Lennert Bober and Malte Hinrichs and Marcos Martinez Vazquez and Leonard Dauphinee and Salvador Iranzo Molinero and Matthias Wendt and Jean Paul Linnartz and Jerome Arrokiam and Eike Friedrichs and Michael Grigat and Benjamin Azoulay and Bastien Béchadergue and Arturo Campos Fentanes and Robert Müller and Marc Emmelmann},
  year={2019},
  howpublished={\url{https://mentor.ieee.org/802.11/dcn/19/11-19-1053-02-00bb-lc-optimized-phy-proposal-for-tgbb.pptx}},
}

  author={{``Can I use''}},
@misc{caniusehttp2,
  author={Alexis Deveri},
  title={{HTTP/2 protocol}},
  year={2020},
  howpublished={\url{https://caniuse.com/#search=http2}},
}

  author={{``Can I use''}},
@misc{caniusehttp3,
  author={Alexis Deveri},
  title={{HTTP/3 protocol}},
  year={2020},
  howpublished={\url{https://caniuse.com/#search=http3}},
}

@misc{tggbpreproposaltgax,
  title={{TGbb PHY proposal}},
  author={Nikola Serafimovski and Chong Han and Harald Haas and Rodney Edwards  and Emilien Baur and Simon Bazin and Mike Ryan},
  year={2019},
  howpublished={\url{https://mentor.ieee.org/802.11/dcn/19/11-19-1206-01-00bb-proposed-common-mode-phy-for-tgbb.pptx}},
}

@misc{tgbbfrontend,
  title={{TGbb PHY proposal}},
  author={Malte Hinrichs and Jonas Hilt and Peter Hellwig and Volker Jungnickel and Kai Lennert Bober},
  year={2019},
  howpublished={\url{https://mentor.ieee.org/802.11/dcn/19/11-19-0087-01-00bb-optical-frontend-model-for-phy-simulation.docx}},
}

Malte Hinrichs
Jonas Hilt
Peter Hellwig
Volker Jungnickel
Kai Lennert Bober


@misc{tgaxscenario,
    title={{TGax Simulation Scenarios}},
    author={Simone Merlin and Gwen Barriac and Hemanth Sampath and Laurent Cariou and Thomas Derham and Jean-Pierre Le Rouzic and Robert Stacey  and Minyoung Park and Chittabrata Ghosh and Ron Porat and Nihar Jindal and Yasuhiko Inoue and Yusuke Asai and Yasushi Takatori and Akira Kishida and Akira Yamada and Reza Hedayat and Sayantan Choudhury and Klaus Doppler and Jarkko Kneckt and Enrico-Henrik Rantala and David Xun Yang and Yujian (Ross)  and Zhou Lan and Jiayin Zhang and Yanchun Li and Yunbo Li and Jiyong Pang and Hongjia Su and Yingpei Lin and Wookbong Lee  and HanGyu Cho and Suhwook Kim and HyeYoung Choi and Joseph Levy and Frank La Sita and Jinjing Jiang and Liwen Chu and Yakun Sun and Filip Mestanov and Guoqing Li and Scott Marin and Eisuke Sakai  and William Carney and Bo Sun and Kaiying Lv and Yao Ke and Han Zhiqiang and Chao-Chun Wang and Russell Huang and ChingHwa Yu and James Yee and Eric Wong and Joonsuk Kim and Xiaofei Wang },
    year={2015},
    howpublished={\url{https://mentor.ieee.org/802.11/dcn/14/11-14-0980-16-00ax-simulation-scenarios.docx}},
}

@misc{tgbbmethodology,
author={Kai Lennert Bober and Volker Jungnickel and Malte Hinrichs and Nikola Serafimofski}, 
  title         = "{{TGbb}: Evaluation methodology for {PHY} and {MAC} proposals}",
  howpublished={\url{ttps://mentor.ieee.org/802.11/dcn/19/11-19-0187-04-00bb-evaluation-methodology-for-phy-and-mac-proposals.docx}},
  year          = "2019"
}

@misc{3gppat3s,
    title={{3rd Generation Partnership Project; Technical Specification Group Services and System Aspects; System architecture for the 5G System (5GS); Stage 2 (Release 16)}},
    author={{3GPP}},
    year={2020},
    howpublished={\url{https://www.3gpp.org/ftp/Specs/archive/23_series/23.501/23501-g40.zip}},
}

@misc{tessares,
    title={{Opening the way for convergence in the 5G era with MPTCP}},
    author={{Tessares}},
    year={2019},
    howpublished={\url{https://www.tessares.net/papers/}},
}

@misc{applemptcp,
    title={{Use Multipath TCP to create backup connections for iOS}},
    author={{Apple}},
    year={2017},
    howpublished={\url{https://support.apple.com/en-us/HT201373}},
}

@ARTICLE{rebecchitut,
  author={F. {Rebecchi} and M. {Dias de Amorim} and V. {Conan} and A. {Passarella} and R. {Bruno} and M. {Conti}},
  journal={IEEE Communications Surveys Tutorials},
  title={{Data Offloading Techniques in Cellular Networks: A Survey}},
  year={2015},
  volume={17},
  number={2},
  pages={580-603},}

@ARTICLE{leewifideliver,
  author={K. {Lee} and J. {Lee} and Y. {Yi} and I. {Rhee} and S. {Chong}},
  journal={{IEEE/ACM Transactions on Networking}},
  title={{Mobile Data Offloading: How Much Can WiFi Deliver?}},
  year={2013},
  volume={21},
  number={2},
  pages={536-550},}

@ARTICLE{saad6g,
  author={W. {Saad} and M. {Bennis} and M. {Chen}},
  journal={{IEEE Network}},
  title={{A Vision of 6G Wireless Systems: Applications, Trends, Technologies, and Open Research Problems}},
  year={2019},
  volume={},
  number={},
  pages={1-9},}

@ARTICLE{giodani6g,
  author={M. {Giordani} and M. {Polese} and M. {Mezzavilla} and S. {Rangan} and M. {Zorzi}},
  journal={{IEEE Communications Magazine}},
  title={{Toward 6G Networks: Use Cases and Technologies}},
  year={2020},
  volume={58},
  number={3},
  pages={55-61},}

@ARTICLE{shadowing2ghz,
  author={L. {Januszkiewicz}},
  journal={{Sensors (Basel, Switzerland)}},
  title={{Analysis of Human Body Shadowing Effect on Wireless Sensor Networks Operating in the 2.4 GHz Band}},
  year={2018},
  volume={18},
  number={10},
  pages={3412},}
